01REMESSA01COBRANCA       0130608411698000140                               748SICREDI        20130213        0000001                                                                                                                                                                                                                                                                                 2.00000001
1C A            AAB                            132000019 B             N  0000    00000000000200            0101320000191303130000000002000         J 130213    00000000000030000000000000000000000000000000000000000000002 08411698000140CNTSISTEMAS LTDA ME                     RUA TENENTE JUNG, N534SALA 02, SANTO CRI00000000000 98960000SANTO CRISTO             RS00000                            000002
2           132000019COBRAR MULTA DE $VALORMULTA APOS O VENCIMENTO                                   COBRAR JUROS DE $VALORJUROSDIARIOS AO DIA APOS O VENCIMENTO                     SUJEITO A SUSPENSAO DO SERVICO APOS 30 DIAS DE VENCIDO                                                                                                          0132000019                                           000003
5E01306XXXXXXXXXX C01COBRAR MULTA DE $VALORMULTA APOS O VENCIMENTO                                   02COBRAR JUROS DE $VALORJUROSDIARIOS AO DIA APOS O VENCIMENTO                     03SUJEITO A SUSPENSAO DO SERVICO APOS 30 DIAS DE VENCIDO                          04                                                                                                                               000004
600000013200001900000000010000008411698000140CNTSISTEMAS LTDA ME                      RUA TENENTE JUNG, N534                       SANTO CRISTO        98960000RS                                                                                                                                                                                                                                         000004
1C A            AAB                            132000027 B             N  0000    00000000000200            0101320000271304130000000002000         J 130213    00000000000030000000000000000000000000000000000000000000002 08411698000140CNTSISTEMAS LTDA ME                     RUA TENENTE JUNG, N534SALA 02, SANTO CRI00000000000 98960000SANTO CRISTO             RS00000                            000005
2           132000027COBRAR MULTA DE $VALORMULTA APOS O VENCIMENTO                                   COBRAR JUROS DE $VALORJUROSDIARIOS AO DIA APOS O VENCIMENTO                     SUJEITO A SUSPENSAO DO SERVICO APOS 30 DIAS DE VENCIDO                                                                                                          0132000027                                           000006
5E01306XXXXXXXXXX C01COBRAR MULTA DE $VALORMULTA APOS O VENCIMENTO                                   02COBRAR JUROS DE $VALORJUROSDIARIOS AO DIA APOS O VENCIMENTO                     03SUJEITO A SUSPENSAO DO SERVICO APOS 30 DIAS DE VENCIDO                          04                                                                                                                               000007
600000013200002700000000020000008411698000140CNTSISTEMAS LTDA ME                      RUA TENENTE JUNG, N534                       SANTO CRISTO        98960000RS                                                                                                                                                                                                                                         000007
1C A            AAB                            132000035 B             N  0000    00000000000200            0101320000351305130000000002000         J 130213    00000000000030000000000000000000000000000000000000000000002 08411698000140CNTSISTEMAS LTDA ME                     RUA TENENTE JUNG, N534SALA 02, SANTO CRI00000000000 98960000SANTO CRISTO             RS00000                            000008
2           132000035COBRAR MULTA DE $VALORMULTA APOS O VENCIMENTO                                   COBRAR JUROS DE $VALORJUROSDIARIOS AO DIA APOS O VENCIMENTO                     SUJEITO A SUSPENSAO DO SERVICO APOS 30 DIAS DE VENCIDO                                                                                                          0132000035                                           000009
5E01306XXXXXXXXXX C01COBRAR MULTA DE $VALORMULTA APOS O VENCIMENTO                                   02COBRAR JUROS DE $VALORJUROSDIARIOS AO DIA APOS O VENCIMENTO                     03SUJEITO A SUSPENSAO DO SERVICO APOS 30 DIAS DE VENCIDO                          04                                                                                                                               000010
600000013200003500000000030000008411698000140CNTSISTEMAS LTDA ME                      RUA TENENTE JUNG, N534                       SANTO CRISTO        98960000RS                                                                                                                                                                                                                                         000010
9174801306                                                                                                                                                                                                                                                                                                                                                                                                000011
