01REMESSA01COBRANCA       00000000000004155748CONECTLAN SOLUCOES TECNOLOGICA237BRADESCO       260312        MX0000268                                                                                                                                                                                                                                                                                     000001
100000 00000000000000009003160128681100000000000000000000000010002000000000000000000000000001            0  01021209010126041200000000020000000000001N260312000000000000000000000000000000000000000000000000000000000000000206134596000107CONECTLAN SOLUCOES TECNOLOGICAS LTDA ME AV MATO GROSSO, 1842 - TERREO - SETOR CE            77403020                                                            000002
100000 00000000000000009003160128681100000000000000000000000010002000000000000000000000000001            0  01021209010226051200000000020000000000001N260312000000000000000000000000000000000000000000000000000000000000000206134596000107CONECTLAN SOLUCOES TECNOLOGICAS LTDA ME AV MATO GROSSO, 1842 - TERREO - SETOR CE            77403020                                                            000003
100000 00000000000000009003160128681100000000000000000000000010002000000000000000000000000001            0  01021209010326061200000000020000000000001N260312000000000000000000000000000000000000000000000000000000000000000206134596000107CONECTLAN SOLUCOES TECNOLOGICAS LTDA ME AV MATO GROSSO, 1842 - TERREO - SETOR CE            77403020                                                            000004
100000 00000000000000009003160128681100000000000000000000000010002000000000000000000000000001            0  01021209010426071200000000020000000000001N260312000000000000000000000000000000000000000000000000000000000000000206134596000107CONECTLAN SOLUCOES TECNOLOGICAS LTDA ME AV MATO GROSSO, 1842 - TERREO - SETOR CE            77403020                                                            000005
100000 00000000000000009003160128681100000000000000000000000010002000000000000000000000000001            0  01021209010526081200000000020000000000001N260312000000000000000000000000000000000000000000000000000000000000000206134596000107CONECTLAN SOLUCOES TECNOLOGICAS LTDA ME AV MATO GROSSO, 1842 - TERREO - SETOR CE            77403020                                                            000006
9                                                                                                                                                                                                                                                                                                                                                                                                         000007
