01REMESSA01COBRANCA       0130608411698000140                               748SICREDI        20120604        0000131                                                                                                                                                                                                                                                                                 2.00000001
1AAA            AAA                            112072848      20120604 N B0000    00000000000200            0601120728481006120000000003900         JN171111000000000000000100000000000000000000000000000000000000000000001000001393335098TIAGO RODRIGO DA SILVA DA SILVA         RUA GERMANO LAUREANO, N58, IJUI - RS    00000000000 9870000000000                                                       000002
2           112072848COBRAR MULTA DE $VALORMULTA APOS O VENCIMENTO                                   COBRAR JUROS DE $VALORJUROSDIARIOS AO DIA APOS O VENCIMENTO                     SUJEITO A SUSPENSAO DO SERVICO APOS 30 DIAS DE VENCIDO                          A CENTRAL DE ATENDIMENTO ASSISNET ESTA COM NOVO NUMERO [55] 3541 0700.          0112072848                                           000003
5E013060112072848 A01COBRAR MULTA DE $VALORMULTA APOS O VENCIMENTO                                   02COBRAR JUROS DE $VALORJUROSDIARIOS AO DIA APOS O VENCIMENTO                     03SUJEITO A SUSPENSAO DO SERVICO APOS 30 DIAS DE VENCIDO                          04A CENTRAL DE ATENDIMENTO ASSISNET ESTA COM NOVO NUMERO [55] 3541 0700.                                                         000004
9174801306                                                                                                                                                                                                                                                                                                                                                                                                000005
