A127168               PROSERVER TELECOMUNI001BANCO DO BRASIL S.A.2012062700003604DEBITO AUTOMATICO                                                    
E00100000000050000000000128500000000001825542012072700000000000800003000066666666675                                            X                    0
Z00000300000000000008000                                                                                                                              
