A158816               CONECTLAN - SOLUCOES001BANCO DO BRASIL S.A.2012032700001204DEBITO AUTOMATICO                                                    
E00100000000085000000000010794000000000301692012033000000000000100003000000000000007                                            X                    0
E00100000000085000000000010794000000000301692012043000000000000100003000000000000008                                            X                    0
Z00000400000000000002000                                                                                                                              
