A129414               CONECTLAN SERVICOS D001BANCO DO BRASIL S.A.2013032700000204DEBITO AUTOMATICO                                                    
E00100000005058000000000011010000000000202022013040600000000000750003000000000000010                                            X                    0
E00100000005058000000000011010000000000202022013040600000000000075003000000000000012                                            X                    0
E00100000005058000000000011010000000000202022013050600000000000075003000000000000013                                            X                    0
E00100000005000000000000011111000000000222222013040300000000000300003000000000000014                                            X                    0
Z00000600000000000012000                                                                                                                              
