01REMESSA01COBRANCA       5612306134596000107                               748SICREDI        20120512        0000001                                                                                                                                                                                                                                                                                 2.00000001
1AAA            AAA                            120000057      20120512 N B0000    00000000000000            0101200000570406120000000002000         JN040512000000000000000000000000000000000000000000000000000000000000002006134596000107ASSOCIACAO VARZEAGRANDENSE DE ENSINO E CRUA ARTHUR BERNARDES, N525, VARZEA GRAND00000000000 7812510000000                                                       000002
2           120000057                                                                                                                                                                                                                                                                                                                                0120000057                                           000003
5E561230120000057 A01                                                                                02                                                                                03                                                                                04                                                                                                                               000004
1AAA            AAA                            120000065      20120512 N B0000    00000000000000            0101200000650407120000000002000         JN040512000000000000000000000000000000000000000000000000000000000000002006134596000107ASSOCIACAO VARZEAGRANDENSE DE ENSINO E CRUA ARTHUR BERNARDES, N525, VARZEA GRAND00000000000 7812510000000                                                       000005
2           120000065                                                                                                                                                                                                                                                                                                                                0120000065                                           000006
5E561230120000065 A01                                                                                02                                                                                03                                                                                04                                                                                                                               000007
1AAA            AAA                            120000049      20120512 N B0000    00000000000000            0101200000490409120000000001000         JN040512000000000000000000000000000000000000000000000000000000000000002006134596000107CONECTLAN SOLUCOES TECNOLOGICAS LTDA ME AV MATO GROSSO, N1842TERREO, GURUPI - TO00000000000 7740302000000                                                       000008
2           120000049                                                                                                                                                                                                                                                                                                                                0120000049                                           000009
5E561230120000049 A01                                                                                02                                                                                03                                                                                04                                                                                                                               000010
1AAA            AAA                            120000111      20120512 N B0000    00000000000000            0101200001110406120000000001000         JN040512000000000000000000000000000000000000000000000000000000000000002006134596000107CONECTLAN SOLUCOES TECNOLOGICAS LTDA ME AV MATO GROSSO, N1842TERREO, GURUPI - TO00000000000 7740302000000                                                       000011
2           120000111                                                                                                                                                                                                                                                                                                                                0120000111                                           000012
5E561230120000111 A01                                                                                02                                                                                03                                                                                04                                                                                                                               000013
1AAA            AAA                            120000120      20120512 N B0000    00000000000000            0101200001200407120000000001000         JN040512000000000000000000000000000000000000000000000000000000000000002006134596000107CONECTLAN SOLUCOES TECNOLOGICAS LTDA ME AV MATO GROSSO, N1842TERREO, GURUPI - TO00000000000 7740302000000                                                       000014
2           120000120                                                                                                                                                                                                                                                                                                                                0120000120                                           000015
5E561230120000120 A01                                                                                02                                                                                03                                                                                04                                                                                                                               000016
9174856123                                                                                                                                                                                                                                                                                                                                                                                                000017
