01REMESSA01COBRANCA       00000000000004155748CONECTLAN SOLUCOES TECNOLOGICA237BRADESCO       120512        MX0000005                                                                                                                                                                                                                                                                                     000001
100000 00000000000000009003160128681100000000000000000000000010002000000000000011900000000002            0  19000000001120071200000000010000000000001N120512000000000000000000000000000000000000000000000000000000000000000206134596000107CONECTLAN SOLUCOES TECNOLOGICAS LTDA ME AV MATO GROSSO, 1842 - TERREO - SETOR CE            77403020                                                            000002
9                                                                                                                                                                                                                                                                                                                                                                                                         000003
