A227168               PROSERVER TELECOMUNI001BANCO DO BRASIL S.A.2012050300000404DEBITO AUTOMATICO                                                    
F00100000000004000000000091377000000000084952012050200000000000040005000000000000030                                            X                    0
Z00000300000000000000400                                                                                                                              
