01REMESSA01COBRANCA       0000008411698000140                               748SICREDI        20120621        0000001                                                                                                                                                                                                                                                                                 2.00000001
9174800000                                                                                                                                                                                                                                                                                                                                                                                                000002
