01REMESSA01COBRANCA       00000000000004155748CONECTLAN SOLUCOES TECNOLOGICA237BRADESCO       090512        MX0000272                                                                                                                                                                                                                                                                                     000001
100000 00000000000000009003160128681100000000000000000000000010002000000000000000000000000001            0  01000000000731051200000000005000000000001N220312000000000000000000000000000000000000000000000000000000000000000206134596000107CONECTLAN SOLUCOES TECNOLOGICAS LTDA ME AV MATO GROSSO, 1842 - TERREO - SETOR CE            77403020                                                            000002
100000 00000000000000009003160128681100000000000000000000000010002000000000000000000000000001            0  01000000000822051200000000005000000000001N220312000000000000000000000000000000000000000000000000000000000000000206134596000107CONECTLAN SOLUCOES TECNOLOGICAS LTDA ME AV MATO GROSSO, 1842 - TERREO - SETOR CE            77403020                                                            000003
100000 00000000000000009003160128681100000000000000000000000010002000000000000000000000000001            0  01000000000931051200000000020000000000001N260312000000000000000000000000000000000000000000000000000000000000000206134596000107CONECTLAN SOLUCOES TECNOLOGICAS LTDA ME AV MATO GROSSO, 1842 - TERREO - SETOR CE            77403020                                                            000004
100000 00000000000000009003160128681100000000000000000000000050002000000000000000000000000001            0  09021209010605051200000000004000000000001N050412000000000000000000000000000000000000000000000000000000000000000244518371000135PREFEITURA MUNICIPAL DE GRACA           PCA HILMAR M. DE OLIVEIRA, 102 - CENTROG            17400000                                                            000005
100000 00000000000000009003160128681100000000000000000000000010002000000000000000000000000001            0  09000000001419041200000000007000000000001N090412000000000000000000000000000000000000000000000000000000000000000206134596000107CONECTLAN SOLUCOES TECNOLOGICAS LTDA ME AV MATO GROSSO, 1842 - TERREO - SETOR CE            77403020                                                            000006
100000 00000000000000009003160128681100000000000000000000000010002000000000000000000000000001            0  01000000001831051200000000008340000000001N070512000000000000000000000000000000000000000000000000000000000000000206134596000107CONECTLAN SOLUCOES TECNOLOGICAS LTDA ME AV MATO GROSSO, 1842 - TERREO - SETOR CE            77403020                                                            000007
100000 00000000000000009003160128681100000000000000000000000010002000000000000000000000000001            0  01000000001907061200000000008340000000001N070512000000000000000000000000000000000000000000000000000000000000000206134596000107CONECTLAN SOLUCOES TECNOLOGICAS LTDA ME AV MATO GROSSO, 1842 - TERREO - SETOR CE            77403020                                                            000008
100000 00000000000000009003160128681100000000000000000000000010002000000000000000000000000001            0  01000000002007071200000000008330000000001N070512000000000000000000000000000000000000000000000000000000000000000206134596000107CONECTLAN SOLUCOES TECNOLOGICAS LTDA ME AV MATO GROSSO, 1842 - TERREO - SETOR CE            77403020                                                            000009
100000 00000000000000009003160128681100000000000000000000000010002000000000000000000000000001            0  01000000002107081200000000008330000000001N070512000000000000000000000000000000000000000000000000000000000000000206134596000107CONECTLAN SOLUCOES TECNOLOGICAS LTDA ME AV MATO GROSSO, 1842 - TERREO - SETOR CE            77403020                                                            000010
9                                                                                                                                                                                                                                                                                                                                                                                                         000011
