02RETORNO01COBRANCA       207800043888        CLIKNET TEL PROV INTER LTA ME 341BANCO ITAU S.A.21011301600BPI00002220113                                                                                                                                                                                                                                                                                   000001
10216911389000167207800043888                                 00000001            175000000016             I06180113          00000001            000000000000000025003309613  000000000041500000000000000000000000000000000000000000000000000000000000000000000000000016500000000000000000000000000   22011300000000000000000000000                                                                    RA000002
10216911389000167207800043888                                 00000004            175000000040             I06210113          00000004            000000000000000055034120784  000000000041500000000000000000000000000000000000000000000000000000000000000000000000000013500000000000000000000000000   22011300000000000000000000000                                                                    BL000003
10216911389000167207800043888                                 00000005            175000000057             I06210113          00000005            000000000000000065003309613  000000000041500000000000000000000000000000000000000000000000000000000000000000000000000023500000000000000000000000000   22011300000000000000000000000                                                                    B3000004
9201341          000000000000000000000000000000          000000000000000000000000000000                                                  000000000000000000000000000000          000000000000000000000000000000000020000000300000000001450                                                                                                                                                                000005
