02RETORNO01COBRANCA       1783108983620000108                               748BANSICREDI     20120906        0000001                                                                                                                                                                                                                                                                                 1.00000001
1            A00001                            122146930                                                    060609120122146930090202              1509120000000000275         J000000000000000000000000000000000000000000000000000000000000000000000000000000000000000027500000000000000000000000000                          000000000020120906                                                          000002
1            A00002                            122146948                                                    060609120122146948090202              1609120000000000325         J000000000000000000000000000000000000000000000000000000000000000000000000000000000000000032500000000000000000000000000                          000000000020120906                                                          000003
1            A00003                            122146956                                                    060609120122146956090202              1709120000000000375         J000000000000000000000000000000000000000000000000000000000000000000000000000000000000000037500000000000000000000000000                          000000000020120906                                                          000004
1            A00004                            122146964                                                    060609120122146964090202              1809120000000000425         J000000000000000000000000000000000000000000000000000000000000000000000000000000000000000042500000000000000000000000000                          000000000020120906                                                          000005
1            A00005                            122146972                                                    060609120122146972090202              1909120000000000475         J000000000000000000000000000000000000000000000000000000000000000000000000000000000000000047500000000000000000000000000                          000000000020120906                                                          000006
1            A00006                            122146980                                                    060609120122146980090202              2009120000000000525         J000000000000000000000000000000000000000000000000000000000000000000000000000000000000000052500000000000000000000000000                          000000000020120906                                                          000007
1            A00007                            122146999                                                    060609120122146999090202              2109120000000000575         J000000000000000000000000000000000000000000000000000000000000000000000000000000000000000057500000000000000000000000000                          000000000020120906                                                          000008
1            A00008                            122147006                                                    060609120122147006090202              2209120000000000625         J000000000000000000000000000000000000000000000000000000000000000000000000000000000000000062500000000000000000000000000                          000000000020120906                                                          000009
1            A00009                            122147014                                                    060609120122147014090202              2309120000000000675         J000000000000000000000000000000000000000000000000000000000000000000000000000000000000000067500000000000000000000000000                          000000000020120906                                                          000010
1            A00010                            122147022                                                    060609120122147022090202              2409120000000000725         J000000000000000000000000000000000000000000000000000000000000000000000000000000000000000072500000000000000000000000000                          000000000020120906                                                          000011
9274817831                                                                                                                                                                                                                                                                                                                                                                                                000012
