02RETORNO01COBRANCA       00000000000004427465VEXNET TELECON INFORMATICA LTD237BRADESCO       2603130160000000322                                                                                                                                                                                                                                                                          280313         000001
1021150014500017800000060072800015385                         000000000000000000530000000000000000000000000606260313          00000000000000000053000000000000000025023700728  000000000000000000000000000000000000000000000000000000000000000000000000000000000000000025000000000000000000000000000   280313             00000000000000                                                                  000002
1021150014500017800000060072800015385                         000000000000000000610000000000000000000000000606260313          00000000000000000061000000000000000026023700728  000000000000000000000000000000000000000000000000000000000000000000000000000000000000000026000000000000000000000000000   280313             00000000000000                                                                  000003
1021150014500017800000060072800015385                         0000000000000000007P0000000000000000000000000606260313          0000000000000000007P000000000000000027023700728  000000000000000000000000000000000000000000000000000000000000000000000000000000000000000027000000000000000000000000000   280313             00000000000000                                                                  000004
1021150014500017800000060072800015385                         000000000000000000880000000000000000000000000606260313          00000000000000000088000000000000000028023700728  000000000000000000000000000000000000000000000000000000000000000000000000000000000000000028000000000000000000000000000   280313             00000000000000                                                                  000005
1021150014500017800000060072800015385                         000000000000000000960000000000000000000000000606260313          00000000000000000096000000000000000029023700728  000000000000000000000000000000000000000000000000000000000000000000000000000000000000000029000000000000000000000000000   280313             00000000000000                                                                  000006
1021150014500017800000060072800015385                         0000000000000000010P0000000000000000000000000606260313          0000000000000000010P000000000000000030023700728  000000000000000000000000000000000000000000000000000000000000000000000000000000000000000030000000000000000000000000000   280313             00000000000000                                                                  000007
1021150014500017800000060072800015385                         000000000000003818710000000000000000000000000606260313          00000000000000381871000000000000000540010404368  000000000000000000000000000000000000000000000000000000000000000000000000000000000000000540000000000000000000000000000   280313             00000000000000                                                                  000008
1021150014500017800000060072800015385                         000000000000003824790000000000000000000000000606260313          00000000000000382479000000000000000540023700728  000000000000000000000000000000000000000000000000000000000000000000000000000000000000000540000000000000000000000000000   280313             00000000000000                                                                  000009
1021150014500017800000060072800015385                         000000000000003837420000000000000000000000000606260313          00000000000000383742000000000000000540023700728  000000000000000000000000000000000000000000000000000000000000000000000000000000000000000540000000000000000000000000000   280313             00000000000000                                                                  000010
1021150014500017800000060072800015385                         0000000000000038904P0000000000000000000000000606260313          0000000000000038904P000000000000000619223700728  000000000000000000000000000000000000000000000000000000000000000000000000000000000000000619200000000000000000000000000   280313             00000000000000                                                                  000011
1021150014500017800000060072800015385                         000000000000003915750000000000000000000000000606260313          00000000000000391575000000000000000540023700728  000000000000000000000000000000000000000000000000000000000000000000000000000000000000000540000000000000000000000000000   280313             00000000000000                                                                  000012
1021150014500017800000060072800015385                         000000000000003918690000000000000000000000000606260313          00000000000000391869000000000000000550023700677  000000000000000000000000000000000000000000000000000000000000000000000000000000000000000550000000000000000000000000000   280313             00000000000000                                                                  000013
1021150014500017800000060072800015385                         000000000000003937130000000000000000000000000606260313          00000000000000393713000000000000000550023700677  000000000000000000000000000000000000000000000000000000000000000000000000000000000000000550000000000000000000000000000   280313             00000000000000                                                                  000014
1021150014500017800000060072800015385                         000000000000003978080000000000000000000000000606260313          00000000000000397808000000000000000399100101640  000000000000000000000000000000000000000000000000000000000000000000000000000000000000000399100000000000000000000000000   280313             00000000000000                                                                  000015
1021150014500017800000060072800015385                         000000000000004007440000000000000000000000000606260313          00000000000000400744000000000000000621023700726  000000000000000000000000000000000000000000000000000000000000000000000000000000000000000621000000000000000000000000000   280313             00000000000000                                                                  000016
1021150014500017800000060072800015385                         000000000000004009810000000000000000000000000606260313          00000000000000400981000000000000000621023700726  000000000000000000000000000000000000000000000000000000000000000000000000000000000000000621000000000000000000000000000   280313             00000000000000                                                                  000017
1021150014500017800000060072800015385                         000000000000004154660000000000000000000000000606260313          00000000000000415466000000000000000495023700677  000000000000000000000000000000000000000000000000000000000000000000000000000000000000000495000000000000000000000000000   280313             00000000000000                                                                  000018
1021150014500017800000060072800015385                         000000000000004182520000000000000000000000000606260313          00000000000000418252000000000000000600023700677  000000000000000000000000000000000000000000000000000000000000000000000000000000000000000600000000000000000000000000000   280313             00000000000000                                                                  000019
1021150014500017800000060072800015385                         000000000000004183410000000000000000000000000606260313          00000000000000418341000000000000000550023700677  000000000000000000000000000000000000000000000000000000000000000000000000000000000000000550000000000000000000000000000   280313             00000000000000                                                                  000020
1021150014500017800000060072800015385                         000000000000004210160000000000000000000000000606260313          00000000000000421016000000000000000720000104543  000000000000000000000000000000000000000000000000000000000000000000000000000000000000000720000000000000000000000000000   280313             00000000000000                                                                  000021
1021150014500017800000060072800015385                         000000000000004219970000000000000000000000000606260313          00000000000000421997000000000000000594010403436  000000000000000000000000000000000000000000000000000000000000000000000000000000000000000594000000000000000000000000000   280313             00000000000000                                                                  000022
1021150014500017800000060072800015385                         000000000000103565570000000000000000000000000606260313          00000000000010356557000000000000000569523705391  000000000000000000000000000000000000000000000000000000000000000000000000000000000000000569500000000000000000000000000   280313             00000000000000                                                                  000023
1021150014500017800000060072800015385                         000000000000103576770000000000000000000000000606260313          00000000000010357677000000000000000669823705391  000000000000000000000000000000000000000000000000000000000000000000000000000000000000000669800000000000000000000000000   280313             00000000000000                                                                  000024
1021150014500017800000060072800015385                         000000000000103591300000000000000000000000000606260313          00000000000010359130000000000000000571223705391  000000000000000000000000000000000000000000000000000000000000000000000000000000000000000571200000000000000000000000000   280313             00000000000000                                                                  000025
1021150014500017800000060072800015385                         000000000000103611780000000000000000000000000606260313          00000000000010361178000000000000000490010404484  000000000000000000000000000000000000000000000000000000000000000000000000000000000000000490000000000000000000000000000   280313             00000000000000                                                                  000026
1021150014500017800000060072800015385                         000000000000103617710000000000000000000000000606260313          00000000000010361771000000000000000490023705391  000000000000000000000000000000000000000000000000000000000000000000000000000000000000000490000000000000000000000000000   280313             00000000000000                                                                  000027
1021150014500017800000060072800015385                         000000000000103620770000000000000000000000000606260313          00000000000010362077000000000000000490010404484  000000000000000000000000000000000000000000000000000000000000000000000000000000000000000490000000000000000000000000000   280313             00000000000000                                                                  000028
1021150014500017800000060072800015385                         000000000000103626380000000000000000000000000606260313          00000000000010362638000000000000000490023705391  000000000000000000000000000000000000000000000000000000000000000000000000000000000000000490000000000000000000000000000   280313             00000000000000                                                                  000029
1021150014500017800000060072800015385                         000000000000103626970000000000000000000000000606260313          00000000000010362697000000000000000490023705391  000000000000000000000000000000000000000000000000000000000000000000000000000000000000000490000000000000000000000000000   280313             00000000000000                                                                  000030
1021150014500017800000060072800015385                         000000000000103632940000000000000000000000000606260313          00000000000010363294000000000000000490010404484  000000000000000000000000000000000000000000000000000000000000000000000000000000000000000490000000000000000000000000000   280313             00000000000000                                                                  000031
1021150014500017800000060072800015385                         0000000000001036715P0000000000000000000000000606260313          0000000000001036715P000000000000000720023700739  000000000000000000000000000000000000000000000000000000000000000000000000000000000000000720000000000000000000000000000   280313             00000000000000                                                                  000032
1021150014500017800000060072800015385                         000000000000103682960000000000000000000000000606260313          00000000000010368296000000000000000600023700739  000000000000000000000000000000000000000000000000000000000000000000000000000000000000000600000000000000000000000000000   280313             00000000000000                                                                  000033
1021150014500017800000060072800015385                         000000000000103695000000000000000000000000000606260313          00000000000010369500000000000000000540000104374  000000000000000000000000000000000000000000000000000000000000000000000000000000000000000540000000000000000000000000000   280313             00000000000000                                                                  000034
1021150014500017800000060072800015385                         000000000000103702820000000000000000000000000606260313          00000000000010370282000000000000000540000104374  000000000000000000000000000000000000000000000000000000000000000000000000000000000000000540000000000000000000000000000   280313             00000000000000                                                                  000035
1021150014500017800000060072800015385                         000000000000103724390000000000000000000000000606260313          00000000000010372439000000000000000550023700997  000000000000000000000000000000000000000000000000000000000000000000000000000000000000000550000000000000000000000000000   280313             00000000000000                                                                  000036
1021150014500017800000060072800015385                         000000000000103726170000000000000000000000000606260313          00000000000010372617000000000000000550023700997  000000000000000000000000000000000000000000000000000000000000000000000000000000000000000550000000000000000000000000000   280313             00000000000000                                                                  000037
1021150014500017800000060072800015385                         000000000000103733970000000000000000000000000606260313          00000000000010373397000000000000000495010404372  000000000000000000000000000000000000000000000000000000000000000000000000000000000000000495000000000000000000000000000   280313             00000000000000                                                                  000038
1021150014500017800000060072800015385                         000000000000103737450000000000000000000000000606260313          00000000000010373745000000000000000540000104374  000000000000000000000000000000000000000000000000000000000000000000000000000000000000000540000000000000000000000000000   280313             00000000000000                                                                  000039
1021150014500017800000060072800015385                         000000000000103745390000000000000000000000000606260313          00000000000010374539000000000000000490023705391  000000000000000000000000000000000000000000000000000000000000000000000000000000000000000490000000000000000000000000000   280313             00000000000000                                                                  000040
1021150014500017800000060072800015385                         000000000000103763450000000000000000000000000606260313          00000000000010376345000000000000000450023700739  000000000000000000000000000000000000000000000000000000000000000000000000000000000000000450000000000000000000000000000   280313             00000000000000                                                                  000041
1021150014500017800000060072800015385                         000000000000103775380000000000000000000000000606260313          00000000000010377538000000000000000499010404372  000000000000000000000000000000000000000000000000000000000000000000000000000000000000000499000000000000000000000000000   280313             00000000000000                                                                  000042
1021150014500017800000060072800015385                         000000000000103788600000000000000000000000000606260313          00000000000010378860000000000000000530023700728  000000000000000000000000000000000000000000000000000000000000000000000000000000000000000530000000000000000000000000000   280313             00000000000000                                                                  000043
1021150014500017800000060072800015385                         000000000000103792200000000000000000000000000606260313          00000000000010379220000000000000000427223700728  000000000000000000000000000000000000000000000000000000000000000000000000000000000000000427200000000000000000000000000   280313             00000000000000                                                                  000044
1021150014500017800000060072800015385                         000000000000103822210000000000000000000000000606260313          00000000000010382221000000000000000499023700728  000000000000000000000000000000000000000000000000000000000000000000000000000000000000000499000000000000000000000000000   280313             00000000000000                                                                  000045
1021150014500017800000060072800015385                         000000000000103831200000000000000000000000000606260313          00000000000010383120000000000000000499023700728  000000000000000000000000000000000000000000000000000000000000000000000000000000000000000499000000000000000000000000000   280313             00000000000000                                                                  000046
1021150014500017800000060072800015385                         000000000000103841430000000000000000000000000606260313          00000000000010384143000000000000000726623700728  000000000000000000000000000000000000000000000000000000000000000000000000000000000000000726600000000000000000000000000   280313             00000000000000                                                                  000047
1021150014500017800000060072800015385                         000000000000103861460000000000000000000000000606260313          00000000000010386146000000000000000518023700728  000000000000000000000000000000000000000000000000000000000000000000000000000000000000000518000000000000000000000000000   280313             00000000000000                                                                  000048
1021150014500017800000060072800015385                         000000000000103874790000000000000000000000000606260313          00000000000010387479000000000000000499023700728  000000000000000000000000000000000000000000000000000000000000000000000000000000000000000499000000000000000000000000000   280313             00000000000000                                                                  000049
1021150014500017800000060072800015385                         000000000000103881810000000000000000000000000606260313          00000000000010388181000000000000000499023705393  000000000000000000000000000000000000000000000000000000000000000000000000000000000000000499000000000000000000000000000   280313             00000000000000                                                                  000050
1021150014500017800000060072800015385                         000000000000103893820000000000000000000000000606260313          00000000000010389382000000000000000499023700728  000000000000000000000000000000000000000000000000000000000000000000000000000000000000000499000000000000000000000000000   280313             00000000000000                                                                  000051
1021150014500017800000060072800015385                         000000000000103908520000000000000000000000000606260313          00000000000010390852000000000000000499023700739  000000000000000000000000000000000000000000000000000000000000000000000000000000000000000499000000000000000000000000000   280313             00000000000000                                                                  000052
1021150014500017800000060072800015385                         000000000000103949390000000000000000000000000606260313          00000000000010394939000000000000000518023700997  000000000000000000000000000000000000000000000000000000000000000000000000000000000000000518000000000000000000000000000   280313             00000000000000                                                                  000053
1021150014500017800000060072800015385                         000000000000103965670000000000000000000000000606260313          00000000000010396567000000000000000561523700997  000000000000000000000000000000000000000000000000000000000000000000000000000000000000000561500000000000000000000000000   280313             00000000000000                                                                  000054
1021150014500017800000060072800015385                         000000000000103978490000000000000000000000000606260313          00000000000010397849000000000000000499023700997  000000000000000000000000000000000000000000000000000000000000000000000000000000000000000499000000000000000000000000000   280313             00000000000000                                                                  000055
1021150014500017800000060072800015385                         000000000000104001140000000000000000000000000606260313          00000000000010400114000000000000000474000101409  000000000000000000000000000000000000000000000000000000000000000000000000000000000000000474000000000000000000000000000   280313             00000000000000                                                                  000056
1021150014500017800000060072800015385                         000000000000104013150000000000000000000000000606260313          00000000000010401315000000000000000474023700997  000000000000000000000000000000000000000000000000000000000000000000000000000000000000000474000000000000000000000000000   280313             00000000000000                                                                  000057
1021150014500017800000060072800015385                         000000000000104013740000000000000000000000000606260313          00000000000010401374000000000000000474010400747  000000000000000000000000000000000000000000000000000000000000000000000000000000000000000474000000000000000000000000000   280313             00000000000000                                                                  000058
1021150014500017800000060072800015385                         000000000000104015440000000000000000000000000606260313          00000000000010401544000000000000000474023700997  000000000000000000000000000000000000000000000000000000000000000000000000000000000000000474000000000000000000000000000   280313             00000000000000                                                                  000059
1021150014500017800000060072800015385                         000000000000104016090000000000000000000000000606260313          00000000000010401609000000000000000548023700997  000000000000000000000000000000000000000000000000000000000000000000000000000000000000000548000000000000000000000000000   280313             00000000000000                                                                  000060
1021150014500017800000060072800015385                         000000000000104045510000000000000000000000000606260313          00000000000010404551000000000000000510523700997  000000000000000000000000000000000000000000000000000000000000000000000000000000000000000510500000000000000000000000000   280313             00000000000000                                                                  000061
1021150014500017800000060072800015385                         000000000000104046160000000000000000000000000606260313          00000000000010404616000000000000000400023700997  000000000000000000000000000000000000000000000000000000000000000000000000000000000000000400000000000000000000000000000   280313             00000000000000                                                                  000062
1021150014500017800000060072800015385                         000000000000104067670000000000000000000000000606260313          00000000000010406767000000000000000516523700997  000000000000000000000000000000000000000000000000000000000000000000000000000000000000000516500000000000000000000000000   280313             00000000000000                                                                  000063
1021150014500017800000060072800015385                         000000000000104068210000000000000000000000000606260313          00000000000010406821000000000000000518023700997  000000000000000000000000000000000000000000000000000000000000000000000000000000000000000518000000000000000000000000000   280313             00000000000000                                                                  000064
1021150014500017800000060072800015385                         000000000000104083520000000000000000000000000606260313          00000000000010408352000000000000000474023700997  000000000000000000000000000000000000000000000000000000000000000000000000000000000000000474000000000000000000000000000   280313             00000000000000                                                                  000065
1021150014500017800000060072800015385                         000000000000104138790000000000000000000000000606260313          00000000000010413879000000000000000474010400747  000000000000000000000000000000000000000000000000000000000000000000000000000000000000000474000000000000000000000000000   280313             00000000000000                                                                  000066
1021150014500017800000060072800015385                         000000000000104139330000000000000000000000000606260313          00000000000010413933000000000000000500000101409  000000000000000000000000000000000000000000000000000000000000000000000000000000000000000500000000000000000000000000000   280313             00000000000000                                                                  000067
1021150014500017800000060072800015385                         000000000000104139920000000000000000000000000606260313          00000000000010413992000000000000000474010400747  000000000000000000000000000000000000000000000000000000000000000000000000000000000000000474000000000000000000000000000   280313             00000000000000                                                                  000068
1021150014500017800000060072800015385                         000000000000104143520000000000000000000000000606260313          00000000000010414352000000000000000474023700997  000000000000000000000000000000000000000000000000000000000000000000000000000000000000000474000000000000000000000000000   280313             00000000000000                                                                  000069
1021150014500017800000060072800015385                         000000000000104148910000000000000000000000000606260313          00000000000010414891000000000000000526523705808  000000000000000000000000000000000000000000000000000000000000000000000000000000000000000526500000000000000000000000000   280313             00000000000000                                                                  000070
1021150014500017800000060072800015385                         0000000000001041915P0000000000000000000000000606260313          0000000000001041915P000000000000000549023705808  000000000000000000000000000000000000000000000000000000000000000000000000000000000000000549000000000000000000000000000   280313             00000000000000                                                                  000071
1021150014500017800000060072800015385                         000000000000104228430000000000000000000000000606260313          00000000000010422843000000000000000731023705808  000000000000000000000000000000000000000000000000000000000000000000000000000000000000000731000000000000000000000000000   280313             00000000000000                                                                  000072
1021150014500017800000060072800015385                         000000000000104257450000000000000000000000000606260313          00000000000010425745000000000000000613823705808  000000000000000000000000000000000000000000000000000000000000000000000000000000000000000613800000000000000000000000000   280313             00000000000000                                                                  000073
1021150014500017800000060072800015385                         0000000000001042899P0000000000000000000000000606260313          0000000000001042899P000000000000000630000100129  000000000000000000000000000000000000000000000000000000000000000000000000000000000000000630000000000000000000000000000   280313             00000000000000                                                                  000074
1021150014500017800000060072800015385                         000000000000104330390000000000000000000000000606260313          00000000000010433039000000000000000310523700997  000000000000000000000000000000000000000000000000000000000000000000000000000000000000000310500000000000000000000000000   280313             00000000000000                                                                  000075
1021150014500017800000060072800015385                         000000000000104340510000000000000000000000000606260313          00000000000010434051000000000000001140000100237  000000000000000000000000000000000000000000000000000000000000000000000000000000000000001140000000000000000000000000000   280313             00000000000000                                                                  000076
1021150014500017800000060072800015385                         0000000000001043440P0000000000000000000000000606260313          0000000000001043440P000000000000000474023700997  000000000000000000000000000000000000000000000000000000000000000000000000000000000000000474000000000000000000000000000   280313             00000000000000                                                                  000077
1021150014500017800000060072800015385                         000000000000104359370000000000000000000000000606260313          00000000000010435937000000000000000474023700997  000000000000000000000000000000000000000000000000000000000000000000000000000000000000000474000000000000000000000000000   280313             00000000000000                                                                  000078
1021150014500017800000060072800015385                         0000000000001043647P0000000000000000000000000606260313          0000000000001043647P000000000000000474023700997  000000000000000000000000000000000000000000000000000000000000000000000000000000000000000474000000000000000000000000000   280313             00000000000000                                                                  000079
1021150014500017800000060072800015385                         000000000000104373950000000000000000000000000606260313          00000000000010437395000000000000000474023700997  000000000000000000000000000000000000000000000000000000000000000000000000000000000000000474000000000000000000000000000   280313             00000000000000                                                                  000080
1021150014500017800000060072800015385                         000000000000104443750000000000000000000000000606260313          00000000000010444375000000000000000575023705440  000000000000000000000000000000000000000000000000000000000000000000000000000000000000000575000000000000000000000000000   280313             00000000000000                                                                  000081
1021150014500017800000060072800015385                         000000000000104446770000000000000000000000000606260313          00000000000010444677000000000000000514523705440  000000000000000000000000000000000000000000000000000000000000000000000000000000000000000514500000000000000000000000000   280313             00000000000000                                                                  000082
1021150014500017800000060072800015385                         000000000000104471290000000000000000000000000606260313          00000000000010447129000000000000000561023705440  000000000000000000000000000000000000000000000000000000000000000000000000000000000000000561000000000000000000000000000   280313             00000000000000                                                                  000083
1021150014500017800000060072800015385                         000000000000104471370000000000000000000000000606260313          00000000000010447137000000000000000519023705440  000000000000000000000000000000000000000000000000000000000000000000000000000000000000000519000000000000000000000000000   280313             00000000000000                                                                  000084
1021150014500017800000060072800015385                         000000000000104541170000000000000000000000000606260313          00000000000010454117000000000000000533023700997  000000000000000000000000000000000000000000000000000000000000000000000000000000000000000533000000000000000000000000000   280313             00000000000000                                                                  000085
1021150014500017800000060072800015385                         000000000000104557410000000000000000000000000606260313          00000000000010455741000000000000000499023705393  000000000000000000000000000000000000000000000000000000000000000000000000000000000000000499000000000000000000000000000   280313             00000000000000                                                                  000086
1021150014500017800000060072800015385                         000000000000104567720000000000000000000000000606260313          00000000000010456772000000000000000548023700728  000000000000000000000000000000000000000000000000000000000000000000000000000000000000000548000000000000000000000000000   280313             00000000000000                                                                  000087
1021150014500017800000060072800015385                         000000000000104567800000000000000000000000000606260313          00000000000010456780000000000000000499023700728  000000000000000000000000000000000000000000000000000000000000000000000000000000000000000499000000000000000000000000000   280313             00000000000000                                                                  000088
1021150014500017800000060072800015385                         000000000000104584730000000000000000000000000606260313          00000000000010458473000000000000000474023700997  000000000000000000000000000000000000000000000000000000000000000000000000000000000000000474000000000000000000000000000   280313             00000000000000                                                                  000089
1021150014500017800000060072800015385                         000000000000104643090000000000000000000000000606260313          00000000000010464309000000000000000540010400747  000000000000000000000000000000000000000000000000000000000000000000000000000000000000000540000000000000000000000000000   280313             00000000000000                                                                  000090
1021150014500017800000060072800015385                         000000000000104656070000000000000000000000000606260313          00000000000010465607000000000000000540023705440  000000000000000000000000000000000000000000000000000000000000000000000000000000000000000540000000000000000000000000000   280313             00000000000000                                                                  000091
1021150014500017800000060072800015385                         0000000000001046631P0000000000000000000000000606260313          0000000000001046631P000000000000000474010400747  000000000000000000000000000000000000000000000000000000000000000000000000000000000000000474000000000000000000000000000   280313             00000000000000                                                                  000092
1021150014500017800000060072800015385                         000000000000104665810000000000000000000000000606260313          00000000000010466581000000000000000600023700739  000000000000000000000000000000000000000000000000000000000000000000000000000000000000000600000000000000000000000000000   280313             00000000000000                                                                  000093
1021150014500017800000060072800015385                         000000000000104678470000000000000000000000000606260313          00000000000010467847000000000000000893223700997  000000000000000000000000000000000000000000000000000000000000000000000000000000000000000893200000000000000000000000000   280313             00000000000000                                                                  000094
1021150014500017800000060072800015385                         000000000000104682150000000000000000000000000606260313          00000000000010468215000000000000000540023700739  000000000000000000000000000000000000000000000000000000000000000000000000000000000000000540000000000000000000000000000   280313             00000000000000                                                                  000095
1021150014500017800000060072800015385                         000000000000104696880000000000000000000000000606260313          00000000000010469688000000000000000495000103954  000000000000000000000000000000000000000000000000000000000000000000000000000000000000000495000000000000000000000000000   280313             00000000000000                                                                  000096
1021150014500017800000060072800015385                         000000000000104702360000000000000000000000000606260313          00000000000010470236000000000000000474023700997  000000000000000000000000000000000000000000000000000000000000000000000000000000000000000474000000000000000000000000000   280313             00000000000000                                                                  000097
1021150014500017800000060072800015385                         000000000000104720420000000000000000000000000606260313          00000000000010472042000000000000000540023700739  000000000000000000000000000000000000000000000000000000000000000000000000000000000000000540000000000000000000000000000   280313             00000000000000                                                                  000098
9201237          000000970000000049143600000322          00000000000000000000000491436000970000004914360000000000000000000000000000000000000000000000000000000000000000000000000000000000000                                                                                                                                                                              00000000000000000000000         000099
