01REMESSA01COBRANCA       00000000000000000000PROSERVER TELECOMUNICACOES LTD237BRADESCO       040612        MX0000007                                                                                                                                                                                                                                                                                     000001
100000 00000000000000009011111054415300000000000000000000000010002020000000000007000000000002            0  01000000000702071200000000050000000000000N020612000000000000000170000000000000000000000000000000000000000000000208411698000140PROSERVER TELECOMUNICACOES LTDA         RUA TENENTE JUNG, 534 - SALA 02 - CENTRO            98960000COBRAR MULTA DE $VALORMULTA APOS O VENCIMENTO               000002
9                                                                                                                                                                                                                                                                                                                                                                                                         000003
