01REMESSA01COBRANCA       00000000000004155748CONECTLAN SOLUCOES TECNOLOGICA237BRADESCO       090512        MX0000001                                                                                                                                                                                                                                                                                     000001
100000 00000000000000009003160128681100000000000000000000000010002000000000000005400000000002            0  01000000000509061200000000010000000000001N090512000000000000000000000000000000000000000000000000000000000000000206134596000107CONECTLAN SOLUCOES TECNOLOGICAS LTDA ME AV MATO GROSSO, 1842 - TERREO - SETOR CE            77403020                                                            000002
100000 00000000000000009003160128681100000000000000000000000010002000000000000006200000000002            0  01000000000609071200000000010000000000001N090512000000000000000000000000000000000000000000000000000000000000000206134596000107CONECTLAN SOLUCOES TECNOLOGICAS LTDA ME AV MATO GROSSO, 1842 - TERREO - SETOR CE            77403020                                                            000003
100000 00000000000000009003160128681100000000000000000000000010002000000000000007000000000002            0  01000000000709081200000000010000000000001N090512000000000000000000000000000000000000000000000000000000000000000206134596000107CONECTLAN SOLUCOES TECNOLOGICAS LTDA ME AV MATO GROSSO, 1842 - TERREO - SETOR CE            77403020                                                            000004
100000 00000000000000009003160128681100000000000000000000000010002000000000000008900000000002            0  01000000000809091200000000010000000000001N090512000000000000000000000000000000000000000000000000000000000000000206134596000107CONECTLAN SOLUCOES TECNOLOGICAS LTDA ME AV MATO GROSSO, 1842 - TERREO - SETOR CE            77403020                                                            000005
100000 00000000000000009003160128681100000000000000000000000010002000000000000009700000000002            0  01000000000909101200000000010000000000001N090512000000000000000000000000000000000000000000000000000000000000000206134596000107CONECTLAN SOLUCOES TECNOLOGICAS LTDA ME AV MATO GROSSO, 1842 - TERREO - SETOR CE            77403020                                                            000006
100000 00000000000000009003160128681100000000000000000000000010002000000000000001100000000002            0  01000000000109061200000000010000000000001N090512000000000000000000000000000000000000000000000000000000000000000206134596000107CONECTLAN SOLUCOES TECNOLOGICAS LTDA ME AV MATO GROSSO, 1842 - TERREO - SETOR CE            77403020                                                            000007
100000 00000000000000009003160128681100000000000000000000000010002000000000000002P00000000002            0  01000000000209071200000000010000000000001N090512000000000000000000000000000000000000000000000000000000000000000206134596000107CONECTLAN SOLUCOES TECNOLOGICAS LTDA ME AV MATO GROSSO, 1842 - TERREO - SETOR CE            77403020                                                            000008
100000 00000000000000009003160128681100000000000000000000000010002000000000000003800000000002            0  01000000000309081200000000010000000000001N090512000000000000000000000000000000000000000000000000000000000000000206134596000107CONECTLAN SOLUCOES TECNOLOGICAS LTDA ME AV MATO GROSSO, 1842 - TERREO - SETOR CE            77403020                                                            000009
100000 00000000000000009003160128681100000000000000000000000010002000000000000004600000000002            0  01000000000409091200000000010000000000001N090512000000000000000000000000000000000000000000000000000000000000000206134596000107CONECTLAN SOLUCOES TECNOLOGICAS LTDA ME AV MATO GROSSO, 1842 - TERREO - SETOR CE            77403020                                                            000010
9                                                                                                                                                                                                                                                                                                                                                                                                         000011
