01REMESSA01COBRANCA       00000000000000000000CONECTLAN SOLUCOES TECNOLOGICA237BRADESCO       100512        MX0000004                                                                                                                                                                                                                                                                                     000001
100000 00000000000000009001351263456100000000000000000000000010002000000000000007000000000002            0  31000000000731051200000000005000000000000N220312000000000000000000000000000000000000000000000000000000000000000206134596000107CONECTLAN SOLUCOES TECNOLOGICAS LTDA ME AV MATO GROSSO, 1842 - TERREO - SETOR CE            77403020                                                            000002
100000 00000000000000009001351263456100000000000000000000000010002000000000000009700000000002            0  01000000000931051200000000020000000000000N260312000000000000000000000000000000000000000000000000000000000000000206134596000107CONECTLAN SOLUCOES TECNOLOGICAS LTDA ME AV MATO GROSSO, 1842 - TERREO - SETOR CE            77403020                                                            000003
100000 00000000000000009001351263456100000000000000000000000010002000000000000018600000000002            0  31000000001831051200000000008340000000000N070512000000000000000000000000000000000000000000000000000000000000000206134596000107CONECTLAN SOLUCOES TECNOLOGICAS LTDA ME AV MATO GROSSO, 1842 - TERREO - SETOR CE            77403020                                                            000004
9                                                                                                                                                                                                                                                                                                                                                                                                         000005
