01REMESSA01COBRANCA       00000000000000000000PROSERVER TELECOMUNICACOES LTD237BRADESCO       020612        MX0000003                                                                                                                                                                                                                                                                                     000001
100000 00000000000000009011111054415300000000000000000000000010002020000000000004600000000002            0  01000000000402071200000000100020000000000N020612000000000000000330000000000000000000000000000000000000000000000208411698000140PROSERVER TELECOMUNICACOES LTDA         RUA TENENTE JUNG, 534 - SALA 02 - CENTRO            98960000COBRAR MULTA DE $VALORMULTA APOS O VENCIMENTO               000002
9                                                                                                                                                                                                                                                                                                                                                                                                         000003
