01REMESSA01COBRANCA       00000000000000000000CONECTLAN SOLUCOES TECNOLOGICA237BRADESCO       100512        MX0000010                                                                                                                                                                                                                                                                                     000001
9                                                                                                                                                                                                                                                                                                                                                                                                         000002
