A127168               PROSERVER TELECOMUNI001BANCO DO BRASIL S.A.2012062200002404DEBITO AUTOMATICO                                                    
E00100000000001000000000011377000000000202062012062000000000000500003000000000000051                                            X                    1
E00100000000001000000000011377000000000202062012082100000000000750103000000000000059                                            X                    0
E00100000000001000000000011377000000000202062012072200000000000111103000000000000062                                            X                    0
Z00000500000000000013612                                                                                                                              
