01REMESSA01COBRANCA       0130608411698000140                               748SICREDI        20120615        0000137                                                                                                                                                                                                                                                                                 2.00000001
1AAA            AAA                            112002599      20120615 N B0000    00000000000200            0601120025992607120000000004490         JN171011000000000000000120000000000000000000000000000000000000000000001000001842841041DAIANE DA SILVA RIBAS                   RUA DOS IMIGRANTES , N159, VITORIA DAS M00000000000 9885000000000                                                       000002
2           112002599COBRAR MULTA DE $VALORMULTA APOS O VENCIMENTO                                   COBRAR JUROS DE $VALORJUROSDIARIOS AO DIA APOS O VENCIMENTO                     SUJEITO A SUSPENSAO DO SERVICO APOS 30 DIAS DE VENCIDO                          A CENTRAL DE ATENDIMENTO ASSISNET ESTA COM NOVO NUMERO [55] 3541 0700.          0112002599                                           000003
5E013060112002599 A01COBRAR MULTA DE $VALORMULTA APOS O VENCIMENTO                                   02COBRAR JUROS DE $VALORJUROSDIARIOS AO DIA APOS O VENCIMENTO                     03SUJEITO A SUSPENSAO DO SERVICO APOS 30 DIAS DE VENCIDO                          04A CENTRAL DE ATENDIMENTO ASSISNET ESTA COM NOVO NUMERO [55] 3541 0700.                                                         000004
1AAA            AAA                            112004281      20120615 N B0000    00000000000200            0601120042812607120000000004490         JN171011000000000000000120000000000000000000000000000000000000000000001000061241490015ILAIDE WOHLFAHRT  DE ARAUJO             VILA DONA OTILIA, NS/N, ROQUE GONZALES -00000000000 9797000000000                                                       000005
2           112004281COBRAR MULTA DE $VALORMULTA APOS O VENCIMENTO                                   COBRAR JUROS DE $VALORJUROSDIARIOS AO DIA APOS O VENCIMENTO                     SUJEITO A SUSPENSAO DO SERVICO APOS 30 DIAS DE VENCIDO                          A CENTRAL DE ATENDIMENTO ASSISNET ESTA COM NOVO NUMERO [55] 3541 0700.          0112004281                                           000006
5E013060112004281 A01COBRAR MULTA DE $VALORMULTA APOS O VENCIMENTO                                   02COBRAR JUROS DE $VALORJUROSDIARIOS AO DIA APOS O VENCIMENTO                     03SUJEITO A SUSPENSAO DO SERVICO APOS 30 DIAS DE VENCIDO                          04A CENTRAL DE ATENDIMENTO ASSISNET ESTA COM NOVO NUMERO [55] 3541 0700.                                                         000007
1AAA            AAA                            112008570      20120615 N B0000    00000000000200            0601120085702607120000000004490         JN171011000000000000000120000000000000000000000000000000000000000000001000061157783015PAULO CEZAR REBOLHO                     RUA JOAO  ALBINO HILGERT, NS/N, SAO PEDR00000000000 9792000000000                                                       000008
2           112008570COBRAR MULTA DE $VALORMULTA APOS O VENCIMENTO                                   COBRAR JUROS DE $VALORJUROSDIARIOS AO DIA APOS O VENCIMENTO                     SUJEITO A SUSPENSAO DO SERVICO APOS 30 DIAS DE VENCIDO                          A CENTRAL DE ATENDIMENTO ASSISNET ESTA COM NOVO NUMERO [55] 3541 0700.          0112008570                                           000009
5E013060112008570 A01COBRAR MULTA DE $VALORMULTA APOS O VENCIMENTO                                   02COBRAR JUROS DE $VALORJUROSDIARIOS AO DIA APOS O VENCIMENTO                     03SUJEITO A SUSPENSAO DO SERVICO APOS 30 DIAS DE VENCIDO                          04A CENTRAL DE ATENDIMENTO ASSISNET ESTA COM NOVO NUMERO [55] 3541 0700.                                                         000010
1AAA            AAA                            112010702      20120615 N B0000    00000000000200            0601120107022607120000000004490         JN171011000000000000000120000000000000000000000000000000000000000000001000093233671091MOACIR SPIES                            RUA FRANCISCO LANGER, N345, SALVADOR DAS00000000000 9794000000000                                                       000011
2           112010702COBRAR MULTA DE $VALORMULTA APOS O VENCIMENTO                                   COBRAR JUROS DE $VALORJUROSDIARIOS AO DIA APOS O VENCIMENTO                     SUJEITO A SUSPENSAO DO SERVICO APOS 30 DIAS DE VENCIDO                          A CENTRAL DE ATENDIMENTO ASSISNET ESTA COM NOVO NUMERO [55] 3541 0700.          0112010702                                           000012
5E013060112010702 A01COBRAR MULTA DE $VALORMULTA APOS O VENCIMENTO                                   02COBRAR JUROS DE $VALORJUROSDIARIOS AO DIA APOS O VENCIMENTO                     03SUJEITO A SUSPENSAO DO SERVICO APOS 30 DIAS DE VENCIDO                          04A CENTRAL DE ATENDIMENTO ASSISNET ESTA COM NOVO NUMERO [55] 3541 0700.                                                         000013
1AAA            AAA                            112026331      20120615 N B0000    00000000000200            0601120263312607120000000004490         JN171011000000000000000120000000000000000000000000000000000000000000001000000553465023DOUGLAS ANDRE SAMRSLA                   RUA SANTA ROSA, N191, CATUIPE - RS      00000000000 9877000000000                                                       000014
2           112026331COBRAR MULTA DE $VALORMULTA APOS O VENCIMENTO                                   COBRAR JUROS DE $VALORJUROSDIARIOS AO DIA APOS O VENCIMENTO                     SUJEITO A SUSPENSAO DO SERVICO APOS 30 DIAS DE VENCIDO                          A CENTRAL DE ATENDIMENTO ASSISNET ESTA COM NOVO NUMERO [55] 3541 0700.          0112026331                                           000015
5E013060112026331 A01COBRAR MULTA DE $VALORMULTA APOS O VENCIMENTO                                   02COBRAR JUROS DE $VALORJUROSDIARIOS AO DIA APOS O VENCIMENTO                     03SUJEITO A SUSPENSAO DO SERVICO APOS 30 DIAS DE VENCIDO                          04A CENTRAL DE ATENDIMENTO ASSISNET ESTA COM NOVO NUMERO [55] 3541 0700.                                                         000016
1AAA            AAA                            112027974      20120615 N B0000    00000000000200            0601120279742607120000000004490         JN171011000000000000000120000000000000000000000000000000000000000000001000082055238000CATIA DOS SANTOS                        RUA TENENTE FIDELIS, N579, SANTO ANGELO 00000000000 9880717000000                                                       000017
2           112027974COBRAR MULTA DE $VALORMULTA APOS O VENCIMENTO                                   COBRAR JUROS DE $VALORJUROSDIARIOS AO DIA APOS O VENCIMENTO                     SUJEITO A SUSPENSAO DO SERVICO APOS 30 DIAS DE VENCIDO                          A CENTRAL DE ATENDIMENTO ASSISNET ESTA COM NOVO NUMERO [55] 3541 0700.          0112027974                                           000018
5E013060112027974 A01COBRAR MULTA DE $VALORMULTA APOS O VENCIMENTO                                   02COBRAR JUROS DE $VALORJUROSDIARIOS AO DIA APOS O VENCIMENTO                     03SUJEITO A SUSPENSAO DO SERVICO APOS 30 DIAS DE VENCIDO                          04A CENTRAL DE ATENDIMENTO ASSISNET ESTA COM NOVO NUMERO [55] 3541 0700.                                                         000019
1AAA            AAA                            112029004      20120615 N B0000    00000000000200            0601120290041707120000000003900         JN171011000000000000000100000000000000000000000000000000000000000000001000000582503019ELISA HEDEUND DA ROSA                   RUA FREDERICO WOERICH, N1165, IJUI - RS 00000000000 9870000000000                                                       000020
2           112029004COBRAR MULTA DE $VALORMULTA APOS O VENCIMENTO                                   COBRAR JUROS DE $VALORJUROSDIARIOS AO DIA APOS O VENCIMENTO                     SUJEITO A SUSPENSAO DO SERVICO APOS 30 DIAS DE VENCIDO                          A CENTRAL DE ATENDIMENTO ASSISNET ESTA COM NOVO NUMERO [55] 3541 0700.          0112029004                                           000021
5E013060112029004 A01COBRAR MULTA DE $VALORMULTA APOS O VENCIMENTO                                   02COBRAR JUROS DE $VALORJUROSDIARIOS AO DIA APOS O VENCIMENTO                     03SUJEITO A SUSPENSAO DO SERVICO APOS 30 DIAS DE VENCIDO                          04A CENTRAL DE ATENDIMENTO ASSISNET ESTA COM NOVO NUMERO [55] 3541 0700.                                                         000022
1AAA            AAA                            112029373      20120615 N B0000    00000000000200            0601120293732607120000000004490         JN171011000000000000000120000000000000000000000000000000000000000000001000000284328006SILVANE MIRIAN GARCIA POSSANI           RUA LEANDRO CASTANHA, N248, CATUIPE - RS00000000000 9877000000000                                                       000023
2           112029373COBRAR MULTA DE $VALORMULTA APOS O VENCIMENTO                                   COBRAR JUROS DE $VALORJUROSDIARIOS AO DIA APOS O VENCIMENTO                     SUJEITO A SUSPENSAO DO SERVICO APOS 30 DIAS DE VENCIDO                          A CENTRAL DE ATENDIMENTO ASSISNET ESTA COM NOVO NUMERO [55] 3541 0700.          0112029373                                           000024
5E013060112029373 A01COBRAR MULTA DE $VALORMULTA APOS O VENCIMENTO                                   02COBRAR JUROS DE $VALORJUROSDIARIOS AO DIA APOS O VENCIMENTO                     03SUJEITO A SUSPENSAO DO SERVICO APOS 30 DIAS DE VENCIDO                          04A CENTRAL DE ATENDIMENTO ASSISNET ESTA COM NOVO NUMERO [55] 3541 0700.                                                         000025
1AAA            AAA                            112030355      20120615 N B0000    00000000000200            0601120303552607120000000005390         JN171011000000000000000140000000000000000000000000000000000000000000001000021713391015RUDI SIPERT                             AV. PRATOS , N160, NOVO MACHADO - RS    00000000000 9895500000000                                                       000026
2           112030355COBRAR MULTA DE $VALORMULTA APOS O VENCIMENTO                                   COBRAR JUROS DE $VALORJUROSDIARIOS AO DIA APOS O VENCIMENTO                     SUJEITO A SUSPENSAO DO SERVICO APOS 30 DIAS DE VENCIDO                          A CENTRAL DE ATENDIMENTO ASSISNET ESTA COM NOVO NUMERO [55] 3541 0700.          0112030355                                           000027
5E013060112030355 A01COBRAR MULTA DE $VALORMULTA APOS O VENCIMENTO                                   02COBRAR JUROS DE $VALORJUROSDIARIOS AO DIA APOS O VENCIMENTO                     03SUJEITO A SUSPENSAO DO SERVICO APOS 30 DIAS DE VENCIDO                          04A CENTRAL DE ATENDIMENTO ASSISNET ESTA COM NOVO NUMERO [55] 3541 0700.                                                         000028
1AAA            AAA                            112032030      20120615 N B0000    00000000000200            0601120320302607120000000005390         JN171011000000000000000140000000000000000000000000000000000000000000001000069537437000VILSON LUIS KITZMANN                    RUA CRUZ ALTA, N72, NOVO MACHADO - RS   00000000000 9895500000000                                                       000029
2           112032030COBRAR MULTA DE $VALORMULTA APOS O VENCIMENTO                                   COBRAR JUROS DE $VALORJUROSDIARIOS AO DIA APOS O VENCIMENTO                     SUJEITO A SUSPENSAO DO SERVICO APOS 30 DIAS DE VENCIDO                          A CENTRAL DE ATENDIMENTO ASSISNET ESTA COM NOVO NUMERO [55] 3541 0700.          0112032030                                           000030
5E013060112032030 A01COBRAR MULTA DE $VALORMULTA APOS O VENCIMENTO                                   02COBRAR JUROS DE $VALORJUROSDIARIOS AO DIA APOS O VENCIMENTO                     03SUJEITO A SUSPENSAO DO SERVICO APOS 30 DIAS DE VENCIDO                          04A CENTRAL DE ATENDIMENTO ASSISNET ESTA COM NOVO NUMERO [55] 3541 0700.                                                         000031
1AAA            AAA                            112036825      20120615 N B0000    00000000000200            0601120368252607120000000003478         JN211011000000000000000090000000000000000000000000000000000000000000001000093834616087GELSON LUIS MAGANHA                     RUA BEIJA-FLOR, N24, SANTA ROSA - RS    00000000000 9890000000000                                                       000032
2           112036825COBRAR MULTA DE $VALORMULTA APOS O VENCIMENTO                                   COBRAR JUROS DE $VALORJUROSDIARIOS AO DIA APOS O VENCIMENTO                     SUJEITO A SUSPENSAO DO SERVICO APOS 30 DIAS DE VENCIDO                          A CENTRAL DE ATENDIMENTO ASSISNET ESTA COM NOVO NUMERO [55] 3541 0700.          0112036825                                           000033
5E013060112036825 A01COBRAR MULTA DE $VALORMULTA APOS O VENCIMENTO                                   02COBRAR JUROS DE $VALORJUROSDIARIOS AO DIA APOS O VENCIMENTO                     03SUJEITO A SUSPENSAO DO SERVICO APOS 30 DIAS DE VENCIDO                          04A CENTRAL DE ATENDIMENTO ASSISNET ESTA COM NOVO NUMERO [55] 3541 0700.                                                         000034
1AAA            AAA                            112036868      20120615 N B0000    00000000000200            0601120368680507120000000006998         JN211011000000000000000180000000000000000000000000000000000000000000002092941681000100ESCOLA ESTADUAL DE ENSINO FUNDAMENTAL COAV. RIO BRANCO, N182, CATUIPE - RS      00000000000 9877000000000                                                       000035
2           112036868COBRAR MULTA DE $VALORMULTA APOS O VENCIMENTO                                   COBRAR JUROS DE $VALORJUROSDIARIOS AO DIA APOS O VENCIMENTO                     SUJEITO A SUSPENSAO DO SERVICO APOS 30 DIAS DE VENCIDO                          A CENTRAL DE ATENDIMENTO ASSISNET ESTA COM NOVO NUMERO [55] 3541 0700.          0112036868                                           000036
5E013060112036868 A01COBRAR MULTA DE $VALORMULTA APOS O VENCIMENTO                                   02COBRAR JUROS DE $VALORJUROSDIARIOS AO DIA APOS O VENCIMENTO                     03SUJEITO A SUSPENSAO DO SERVICO APOS 30 DIAS DE VENCIDO                          04A CENTRAL DE ATENDIMENTO ASSISNET ESTA COM NOVO NUMERO [55] 3541 0700.                                                         000037
1AAA            AAA                            112048661      20120615 N B0000    00000000000200            0601120486612607120000000002559         JN171111000000000000000070000000000000000000000000000000000000000000001000099191199034CRISTIANO BERNARDI                      RUA CORONEL JOAQUIN RODRIGUES, N152, CAT00000000000 9877000000000                                                       000038
2           112048661COBRAR MULTA DE $VALORMULTA APOS O VENCIMENTO                                   COBRAR JUROS DE $VALORJUROSDIARIOS AO DIA APOS O VENCIMENTO                     SUJEITO A SUSPENSAO DO SERVICO APOS 30 DIAS DE VENCIDO                          A CENTRAL DE ATENDIMENTO ASSISNET ESTA COM NOVO NUMERO [55] 3541 0700.          0112048661                                           000039
5E013060112048661 A01COBRAR MULTA DE $VALORMULTA APOS O VENCIMENTO                                   02COBRAR JUROS DE $VALORJUROSDIARIOS AO DIA APOS O VENCIMENTO                     03SUJEITO A SUSPENSAO DO SERVICO APOS 30 DIAS DE VENCIDO                          04A CENTRAL DE ATENDIMENTO ASSISNET ESTA COM NOVO NUMERO [55] 3541 0700.                                                         000040
1AAA            AAA                            112055250      20120615 N B0000    00000000000200            0601120552502607120000000007990         JN171111000000000000000210000000000000000000000000000000000000000000001000044167091020JAIME JOSE FISCHER                      RUA COELHO NETO, N69, SANTA ROSA - RS   00000000000 9890000000000                                                       000041
2           112055250COBRAR MULTA DE $VALORMULTA APOS O VENCIMENTO                                   COBRAR JUROS DE $VALORJUROSDIARIOS AO DIA APOS O VENCIMENTO                     SUJEITO A SUSPENSAO DO SERVICO APOS 30 DIAS DE VENCIDO                          A CENTRAL DE ATENDIMENTO ASSISNET ESTA COM NOVO NUMERO [55] 3541 0700.          0112055250                                           000042
5E013060112055250 A01COBRAR MULTA DE $VALORMULTA APOS O VENCIMENTO                                   02COBRAR JUROS DE $VALORJUROSDIARIOS AO DIA APOS O VENCIMENTO                     03SUJEITO A SUSPENSAO DO SERVICO APOS 30 DIAS DE VENCIDO                          04A CENTRAL DE ATENDIMENTO ASSISNET ESTA COM NOVO NUMERO [55] 3541 0700.                                                         000043
1AAA            AAA                            112060289      20120615 N B0000    00000000000200            0601120602892607120000000004490         JN171111000000000000000120000000000000000000000000000000000000000000001000096115785049ALINE ISABEL SEGATTO                    RUA DEODORICO DINOM , N74, TUPARENDI - R00000000000 9894000000000                                                       000044
2           112060289COBRAR MULTA DE $VALORMULTA APOS O VENCIMENTO                                   COBRAR JUROS DE $VALORJUROSDIARIOS AO DIA APOS O VENCIMENTO                     SUJEITO A SUSPENSAO DO SERVICO APOS 30 DIAS DE VENCIDO                          A CENTRAL DE ATENDIMENTO ASSISNET ESTA COM NOVO NUMERO [55] 3541 0700.          0112060289                                           000045
5E013060112060289 A01COBRAR MULTA DE $VALORMULTA APOS O VENCIMENTO                                   02COBRAR JUROS DE $VALORJUROSDIARIOS AO DIA APOS O VENCIMENTO                     03SUJEITO A SUSPENSAO DO SERVICO APOS 30 DIAS DE VENCIDO                          04A CENTRAL DE ATENDIMENTO ASSISNET ESTA COM NOVO NUMERO [55] 3541 0700.                                                         000046
1AAA            AAA                            112064470      20120615 N B0000    00000000000200            0601120644702607120000000004490         JN171111000000000000000120000000000000000000000000000000000000000000001000038793628072ARMINDO STRAPASSON                      VILA BOM PRINCIPIO, NS/N, TUPARENDI - RS00000000000 9894000000000                                                       000047
2           112064470COBRAR MULTA DE $VALORMULTA APOS O VENCIMENTO                                   COBRAR JUROS DE $VALORJUROSDIARIOS AO DIA APOS O VENCIMENTO                     SUJEITO A SUSPENSAO DO SERVICO APOS 30 DIAS DE VENCIDO                          A CENTRAL DE ATENDIMENTO ASSISNET ESTA COM NOVO NUMERO [55] 3541 0700.          0112064470                                           000048
5E013060112064470 A01COBRAR MULTA DE $VALORMULTA APOS O VENCIMENTO                                   02COBRAR JUROS DE $VALORJUROSDIARIOS AO DIA APOS O VENCIMENTO                     03SUJEITO A SUSPENSAO DO SERVICO APOS 30 DIAS DE VENCIDO                          04A CENTRAL DE ATENDIMENTO ASSISNET ESTA COM NOVO NUMERO [55] 3541 0700.                                                         000049
1AAA            AAA                            112064780      20120615 N B0000    00000000000200            0601120647802607120000000004743         JN171111000000000000000120000000000000000000000000000000000000000000001000014714744020PEDRO FRANCISCO HAMERSKI                LINHA ENCANTADO, N477, CERRO LARGO - RS 00000000000 9790000000000                                                       000050
2           112064780COBRAR MULTA DE $VALORMULTA APOS O VENCIMENTO                                   COBRAR JUROS DE $VALORJUROSDIARIOS AO DIA APOS O VENCIMENTO                     SUJEITO A SUSPENSAO DO SERVICO APOS 30 DIAS DE VENCIDO                          A CENTRAL DE ATENDIMENTO ASSISNET ESTA COM NOVO NUMERO [55] 3541 0700.          0112064780                                           000051
5E013060112064780 A01COBRAR MULTA DE $VALORMULTA APOS O VENCIMENTO                                   02COBRAR JUROS DE $VALORJUROSDIARIOS AO DIA APOS O VENCIMENTO                     03SUJEITO A SUSPENSAO DO SERVICO APOS 30 DIAS DE VENCIDO                          04A CENTRAL DE ATENDIMENTO ASSISNET ESTA COM NOVO NUMERO [55] 3541 0700.                                                         000052
1AAA            AAA                            112066058      20120615 N B0000    00000000000200            0601120660583007120000000004790         JN171111000000000000000120000000000000000000000000000000000000000000001000000404982042GABRIEL HAMERSKI                        AV. SAO MIGUEL, N774, GUARANI DAS MISSOE00000000000 9795000000000                                                       000053
2           112066058COBRAR MULTA DE $VALORMULTA APOS O VENCIMENTO                                   COBRAR JUROS DE $VALORJUROSDIARIOS AO DIA APOS O VENCIMENTO                     SUJEITO A SUSPENSAO DO SERVICO APOS 30 DIAS DE VENCIDO                          A CENTRAL DE ATENDIMENTO ASSISNET ESTA COM NOVO NUMERO [55] 3541 0700.          0112066058                                           000054
5E013060112066058 A01COBRAR MULTA DE $VALORMULTA APOS O VENCIMENTO                                   02COBRAR JUROS DE $VALORJUROSDIARIOS AO DIA APOS O VENCIMENTO                     03SUJEITO A SUSPENSAO DO SERVICO APOS 30 DIAS DE VENCIDO                          04A CENTRAL DE ATENDIMENTO ASSISNET ESTA COM NOVO NUMERO [55] 3541 0700.                                                         000055
1AAA            AAA                            122074690      20120615 N B0000    00000000000200            0101220746900907120000000001200         JN090612000000000000000030000000000000000000000000000000000000000000002008411698000140PROSERVER TELECOMUNICACOES LTDA         RUA TENENTE JUNG, N534SALA 02, SANTO CRI00000000000 9896000000000                                                       000056
2           122074690COBRAR MULTA DE $VALORMULTA APOS O VENCIMENTO                                   COBRAR JUROS DE $VALORJUROSDIARIOS AO DIA APOS O VENCIMENTO                     SUJEITO A SUSPENSAO DO SERVICO APOS 30 DIAS DE VENCIDO                          A CENTRAL DE ATENDIMENTO ASSISNET ESTA COM NOVO NUMERO [55] 3541 0700.          0122074690                                           000057
5E013060122074690 A01COBRAR MULTA DE $VALORMULTA APOS O VENCIMENTO                                   02COBRAR JUROS DE $VALORJUROSDIARIOS AO DIA APOS O VENCIMENTO                     03SUJEITO A SUSPENSAO DO SERVICO APOS 30 DIAS DE VENCIDO                          04A CENTRAL DE ATENDIMENTO ASSISNET ESTA COM NOVO NUMERO [55] 3541 0700.                                                         000058
1AAA            AAA                            122074703      20120615 N B0000    00000000000200            0101220747030908120000000001200         JN090612000000000000000030000000000000000000000000000000000000000000002008411698000140PROSERVER TELECOMUNICACOES LTDA         RUA TENENTE JUNG, N534SALA 02, SANTO CRI00000000000 9896000000000                                                       000059
2           122074703COBRAR MULTA DE $VALORMULTA APOS O VENCIMENTO                                   COBRAR JUROS DE $VALORJUROSDIARIOS AO DIA APOS O VENCIMENTO                     SUJEITO A SUSPENSAO DO SERVICO APOS 30 DIAS DE VENCIDO                          A CENTRAL DE ATENDIMENTO ASSISNET ESTA COM NOVO NUMERO [55] 3541 0700.          0122074703                                           000060
5E013060122074703 A01COBRAR MULTA DE $VALORMULTA APOS O VENCIMENTO                                   02COBRAR JUROS DE $VALORJUROSDIARIOS AO DIA APOS O VENCIMENTO                     03SUJEITO A SUSPENSAO DO SERVICO APOS 30 DIAS DE VENCIDO                          04A CENTRAL DE ATENDIMENTO ASSISNET ESTA COM NOVO NUMERO [55] 3541 0700.                                                         000061
9174801306                                                                                                                                                                                                                                                                                                                                                                                                000062
