02RETORNO01COBRANCA       00000000000004155789NETWIS SERVICOS DE INFORMATICA237BRADESCO       1806120160000000021                                                                                                                                                                                                                                                                          190612         000001
1020798673300019600000060031601286811                         000000000000000121750000000000000000000000000606180612          00000000000000012175000000000000001099334106260  000000000000000000000000000000000000000000000000000000000000000000000000000000000000001099300000000000000000000000000   190612             00000000000000                                                                  000002
9201237          000000010000000001099300000021          00000000000000000000000010993000010000000109930000000000000000000000000000000000000000000000000000000000000000000000000000000000000                                                                                                                                                                              00000000000000000000000         000003
