01REMESSA01COBRANCA       00000000000000000000CONECTLAN SOLUCOES TECNOLOGICA237BRADESCO       110512        MX0000018                                                                                                                                                                                                                                                                                     000001
100000 00000000000000009001351263456100000000000000000000001580002000000000000023200000000002            0  02000000002311071200000000040000000000000N110512000000000000000000000000000000000000000000000000000000000000000100096962615191HELCYAS ALVES DIAS                      RUA BARAO DO RIO BRANCO, 1907 - CENTROPA            77600000                                                            000002
100000 00000000000000009001351263456100000000000000000000015880002000000000000025900000000002            0  01000000002511061200000000050000000000000N110512000000000000000000000000000000000000000000000000000000000000000100008097672790JEFFERSON LOPES PEDRO DA SILVA          R ANTONIO LISBOA DA CRUZ (4), 1857 - PE/            77405100                                                            000003
9                                                                                                                                                                                                                                                                                                                                                                                                         000004
