01REMESSA01COBRANCA       00000000000004155748CONECTLAN SOLUCOES TECNOLOGICA237BRADESCO       050412        MX0000269                                                                                                                                                                                                                                                                                     000001
100000 00000000000000009003160128681100000000000000000000000010002000002222255564000000000001            0  02021209010126041200000000020000000000001N260312000000000000000000000000000000000000000000000000000000000000000206134596000107CONECTLAN SOLUCOES TECNOLOGICAS LTDA ME AV MATO GROSSO, 1842 - TERREO - SETOR CE            77403020                                                            000002
100000 00000000000000009003160128681100000000000000000000000010002000000000000000000000000001            0  02021209010426071200000000020000000000001N260312000000000000000000000000000000000000000000000000000000000000000206134596000107CONECTLAN SOLUCOES TECNOLOGICAS LTDA ME AV MATO GROSSO, 1842 - TERREO - SETOR CE            77403020                                                            000003
100000 00000000000000009003160128681100000000000000000000000010002000000000000000000000000001            0  02021209010526081200000000020000000000001N260312000000000000000000000000000000000000000000000000000000000000000206134596000107CONECTLAN SOLUCOES TECNOLOGICAS LTDA ME AV MATO GROSSO, 1842 - TERREO - SETOR CE            77403020                                                            000004
100000 00000000000000009003160128681100000000000000000000000050002000000000000000000000000001            0  01021209010605051200000000004000000000001N050412000000000000000000000000000000000000000000000000000000000000000244518371000135PREFEITURA MUNICIPAL DE GRACA           PCA HILMAR M. DE OLIVEIRA, 102 - CENTROG            17400000                                                            000005
100000 00000000000000009003160128681100000000000000000000000050002000000000000000000000000001            0  01021209010705061200000000004000000000001N050412000000000000000000000000000000000000000000000000000000000000000244518371000135PREFEITURA MUNICIPAL DE GRACA           PCA HILMAR M. DE OLIVEIRA, 102 - CENTROG            17400000                                                            000006
9                                                                                                                                                                                                                                                                                                                                                                                                         000007
