01REMESSA01COBRANCA       0130608411698000140                               748SICREDI        20120602        0000129                                                                                                                                                                                                                                                                                 2.00000001
1AAA            AAA                            112020007      20120602 N B0000    00000000000200            0201120200071704120000000005812         JN171011000000000000000150000000000000000000000000000000000000000000001000094257558091MARIA LOURDES DE QUADROS FELIPIN        AV. RIO BRANCO, N182EXATUS, CATUIPE - RS00000000000 9877000000000                                                       000002
2           112020007COBRAR MULTA DE $VALORMULTA APOS O VENCIMENTO                                   COBRAR JUROS DE $VALORJUROSDIARIOS AO DIA APOS O VENCIMENTO                     SUJEITO A SUSPENSAO DO SERVICO APOS 30 DIAS DE VENCIDO                          A CENTRAL DE ATENDIMENTO ASSISNET ESTA COM NOVO NUMERO [55] 3541 0700.          0112020007                                           000003
5E013060112020007 A01COBRAR MULTA DE $VALORMULTA APOS O VENCIMENTO                                   02COBRAR JUROS DE $VALORJUROSDIARIOS AO DIA APOS O VENCIMENTO                     03SUJEITO A SUSPENSAO DO SERVICO APOS 30 DIAS DE VENCIDO                          04A CENTRAL DE ATENDIMENTO ASSISNET ESTA COM NOVO NUMERO [55] 3541 0700.                                                         000004
1AAA            AAA                            112058284      20120602 N B0000    00000000000200            0201120582841801120000000006305         JN171111000000000000000160000000000000000000000000000000000000000000001000000849132070ROBERTO FILEHUT CEZIMBRA                ESQUINA BOM SUCESSO, NS/N, CATUIPE - RS 00000000000 9877000000000                                                       000005
2           112058284COBRAR MULTA DE $VALORMULTA APOS O VENCIMENTO                                   COBRAR JUROS DE $VALORJUROSDIARIOS AO DIA APOS O VENCIMENTO                     SUJEITO A SUSPENSAO DO SERVICO APOS 30 DIAS DE VENCIDO                          A CENTRAL DE ATENDIMENTO ASSISNET ESTA COM NOVO NUMERO [55] 3541 0700.          0112058284                                           000006
5E013060112058284 A01COBRAR MULTA DE $VALORMULTA APOS O VENCIMENTO                                   02COBRAR JUROS DE $VALORJUROSDIARIOS AO DIA APOS O VENCIMENTO                     03SUJEITO A SUSPENSAO DO SERVICO APOS 30 DIAS DE VENCIDO                          04A CENTRAL DE ATENDIMENTO ASSISNET ESTA COM NOVO NUMERO [55] 3541 0700.                                                         000007
1AAA            AAA                            112070942      20120602 N B0000    00000000000200            0201120709420605120000000008258         JN171111000000000000000210000000000000000000000000000000000000000000001000094591962091LUCIANE CAMARGO DA SILVA                RUA ALEXANDRE BASTIANE, N366, IJUI - RS 00000000000 9870000000000                                                       000008
2           112070942COBRAR MULTA DE $VALORMULTA APOS O VENCIMENTO                                   COBRAR JUROS DE $VALORJUROSDIARIOS AO DIA APOS O VENCIMENTO                     SUJEITO A SUSPENSAO DO SERVICO APOS 30 DIAS DE VENCIDO                          A CENTRAL DE ATENDIMENTO ASSISNET ESTA COM NOVO NUMERO [55] 3541 0700.          0112070942                                           000009
5E013060112070942 A01COBRAR MULTA DE $VALORMULTA APOS O VENCIMENTO                                   02COBRAR JUROS DE $VALORJUROSDIARIOS AO DIA APOS O VENCIMENTO                     03SUJEITO A SUSPENSAO DO SERVICO APOS 30 DIAS DE VENCIDO                          04A CENTRAL DE ATENDIMENTO ASSISNET ESTA COM NOVO NUMERO [55] 3541 0700.                                                         000010
9174801306                                                                                                                                                                                                                                                                                                                                                                                                000011
