01REMESSA01COBRANCA       00000000000000000000CONECTLAN SOLUCOES TECNOLOGICA237BRADESCO       110512        MX0000016                                                                                                                                                                                                                                                                                     000001
9                                                                                                                                                                                                                                                                                                                                                                                                         000002
