A127168               PROSERVER TELECOMUNI001BANCO DO BRASIL S.A.2012062700003704DEBITO AUTOMATICO                                                    
E00100000000001000000000011377000000000202062012071800000000000300103000000000000036                                            X                    1
E00100000000001000000000011377000000000202062012071900000000000500003000000000000043                                            X                    1
Z00000400000000000008001                                                                                                                              
