A127168               PROSERVER TELECOMUNI001BANCO DO BRASIL S.A.2012062600003304DEBITO AUTOMATICO                                                    
E00100000000001000000000011377000000000202062012072600000000000250003000066666666671                                            X                    1
E00100000000001000000000011377000000000202062012072600000000000250003000066666666672                                            X                    1
Z00000400000000000005000                                                                                                                              
