01REMESSA01COBRANCA       016400145823        PROSERVER TELECOMUNICACOES LTD341BANCO ITAU SA  071212                                                                                                                                                                                                                                                                                                      000001
10208411698000140016400145823    00002                        000000020000000000000109                     I01000000026 05011300000000010003410000001N051212    00000000000000000000000000000000000000000000000000000000000408411698000140PROSERVER TELECOMUNICACOES LTD          RUA TENENTE JUNG, 534 - SALA 02         000000CENTRO98960000SANTO CRISTO   RS                                  00000000 000002
10208411698000140016400145823    00003                        000000030000000000000109                     I01000000034 05021300000000010003410000001N051212    00000000000000000000000000000000000000000000000000000000000408411698000140PROSERVER TELECOMUNICACOES LTD          RUA TENENTE JUNG, 534 - SALA 02         000000CENTRO98960000SANTO CRISTO   RS                                  00000000 000003
10208411698000140016400145823    00004                        000000040000000000000109                     I01000000042 05031300000000010003410000001N051212    00000000000000000000000000000000000000000000000000000000000408411698000140PROSERVER TELECOMUNICACOES LTD          RUA TENENTE JUNG, 534 - SALA 02         000000CENTRO98960000SANTO CRISTO   RS                                  00000000 000004
9                                                                                                                                                                                                                                                                                                                                                                                                         000005
