01REMESSA01COBRANCA       00000000000004433798CNTSISTEMAS LTDA ME           237BRADESCO       140213        MX0000001                                                                                                                                                                                                                                                                                     000001
100000 00000000000000009004030034108800000000000000000000000010002000000000000001100000000001            0  01000000000114031300000000025000000000000N140213000000000000000000000000000000000000000000000000000000000000000208411698000140CNTSISTEMAS LTDA ME                     RUA TENENTE JUNG, 534 - SALA 02 -     CE            98960000                                                            000002
100000 00000000000000009004030034108800000000000000000000000010002000000000000002P00000000001            0  01000000000214041300000000025000000000000N140213000000000000000000000000000000000000000000000000000000000000000208411698000140CNTSISTEMAS LTDA ME                     RUA TENENTE JUNG, 534 - SALA 02 -     CE            98960000                                                            000003
100000 00000000000000009004030034108800000000000000000000000010002000000000000003800000000001            0  01000000000314051300000000025000000000000N140213000000000000000000000000000000000000000000000000000000000000000208411698000140CNTSISTEMAS LTDA ME                     RUA TENENTE JUNG, 534 - SALA 02 -     CE            98960000                                                            000004
100000 00000000000000009004030034108800000000000000000000000010002000000000000004600000000001            0  01000000000414061300000000025000000000000N140213000000000000000000000000000000000000000000000000000000000000000208411698000140CNTSISTEMAS LTDA ME                     RUA TENENTE JUNG, 534 - SALA 02 -     CE            98960000                                                            000005
9                                                                                                                                                                                                                                                                                                                                                                                                         000006
