A127168               PROSERVER TELECOMUNI001BANCO DO BRASIL S.A.2012062000001204DEBITO AUTOMATICO                                                    
E00100000000001000000000011377000000000202062012072000000000000120003000000000000047                                            X                    0
Z00000300000000000001200                                                                                                                              
