02RETORNO01COBRANCA       4640008411698000140                               748BANSICREDI     20101222        0000700                                                                                                                                                                                                                                                                                 1.00000001
1            C0000000000                       102331711                                                    06211210          030703                    0000000004040                                                              00000000000000000000000000000000000404000000000000000000000000000                          00        20101221                                                          000002
1            C0000000000                       102331711                                                    28211210          030703                    0000000000120                                                              00000000000000000000000000000000000404000000000000000000000000000                          B3        20101221                                                          000003
1            C0000000000                       102311508                                                    06211210          030739                    0000000004490                                                              00000000000000000000000000000000000449000000000000000000000000000                          00        20101221                                                          000004
1            C0000000000                       102311508                                                    28211210          030739                    0000000000120                                                              00000000000000000000000000000000000449000000000000000000000000000                          B3        20101221                                                          000005
1            C0000000000                       102274564                                                    06211210          030740                    0000000004040                                                              00000000000000000000000000000000000457200000000004510000000000081                          00        20101221                                                          000006
1            C0000000000                       102274564                                                    28211210          030740                    0000000000120                                                              00000000000000000000000000000000000457200000000004510000000000081                          B3        20101221                                                          000007
1            C0000000000                       102270682                                                    06211210          030721                    0000000004040                                                              00000000000000000000000000000000000457100000000004510000000000080                          00        20101221                                                          000008
1            C0000000000                       102270682                                                    28211210          030721                    0000000000120                                                              00000000000000000000000000000000000457100000000004510000000000080                          B3        20101221                                                          000009
1            C0000000000                       102300794                                                    06211210          030721                    0000000004040                                                              00000000000000000000000000000000000424100000000001210000000000080                          00        20101221                                                          000010
1            C0000000000                       102300794                                                    28211210          030721                    0000000000120                                                              00000000000000000000000000000000000424100000000001210000000000080                          B3        20101221                                                          000011
1            C0000000000                       102291302                                                    06211210          030722                    0000000002636                                                              00000000000000000000000000000000000263600000000000000000000000000                          00        20101221                                                          000012
1            C0000000000                       102291302                                                    28211210          030722                    0000000000120                                                              00000000000000000000000000000000000263600000000000000000000000000                          B3        20101221                                                          000013
1            C0000000000                       102291450                                                    06211210          030722                    0000000003414                                                              00000000000000000000000000000000000341400000000000000000000000000                          00        20101221                                                          000014
1            C0000000000                       102291450                                                    28211210          030722                    0000000000120                                                              00000000000000000000000000000000000341400000000000000000000000000                          B3        20101221                                                          000015
1            C0000000000                       102296436                                                    06211210          030740                    0000000004040                                                              00000000000000000000000000000000000424200000000001210000000000081                          00        20101221                                                          000016
1            C0000000000                       102296436                                                    28211210          030740                    0000000000120                                                              00000000000000000000000000000000000424200000000001210000000000081                          B3        20101221                                                          000017
1            C0000000000                       102319924                                                    06211210          030729                    0000000004490                                                              00000000000000000000000000000000000471200000000001320000000000090                          00        20101221                                                          000018
1            C0000000000                       102319924                                                    28211210          030729                    0000000000120                                                              00000000000000000000000000000000000471200000000001320000000000090                          B3        20101221                                                          000019
1            C0000000000                       102302908                                                    06211210          030719                    0000000009490                                                              00000000000000000000000000000000000995400000000002750000000000189                          00        20101221                                                          000020
1            C0000000000                       102302908                                                    28211210          030719                    0000000000120                                                              00000000000000000000000000000000000995400000000002750000000000189                          B3        20101221                                                          000021
1            C0000000000                       102297998                                                    06211210          030702                    0000000005390                                                              00000000000000000000000000000000000565200000000001540000000000108                          00        20101221                                                          000022
1            C0000000000                       102297998                                                    28211210          030702                    0000000000120                                                              00000000000000000000000000000000000565200000000001540000000000108                          B3        20101221                                                          000023
1            C0000000000                       102295774                                                    06211210          030706                    0000000005990                                                              00000000000000000000000000000000000628600000000001760000000000120                          00        20101221                                                          000024
1            C0000000000                       102295774                                                    28211210          030706                    0000000000120                                                              00000000000000000000000000000000000628600000000001760000000000120                          B3        20101221                                                          000025
1            C0000000000                       102318553                                                    06211210          030735                    0000000004490                                                              00000000000000000000000000000000000471200000000001320000000000090                          00        20101221                                                          000026
1            C0000000000                       102318553                                                    28211210          030735                    0000000000120                                                              00000000000000000000000000000000000471200000000001320000000000090                          B3        20101221                                                          000027
1            C0000000000                       102310625                                                    06211210          030707                    0000000004040                                                              00000000000000000000000000000000000424200000000001210000000000081                          00        20101221                                                          000028
1            C0000000000                       102310625                                                    28211210          030707                    0000000000120                                                              00000000000000000000000000000000000424200000000001210000000000081                          B3        20101221                                                          000029
1            C0000000000                       102313756                                                    06211210          030715                    0000000004040                                                              00000000000000000000000000000000000419300000000001210000000000032                          00        20101221                                                          000030
1            C0000000000                       102313756                                                    28211210          030715                    0000000000120                                                              00000000000000000000000000000000000419300000000001210000000000032                          B3        20101221                                                          000031
1            C0000000000                       102261934                                                    06211210          030706                    0000000005390                                                              00000000000000000000000000000000000607200000000005740000000000108                          00        20101221                                                          000032
1            C0000000000                       102261934                                                    28211210          030706                    0000000000120                                                              00000000000000000000000000000000000607200000000005740000000000108                          B3        20101221                                                          000033
1            C0000000000                       102297530                                                    06211210          030717                    0000000005390                                                              00000000000000000000000000000000000565200000000001540000000000108                          00        20101221                                                          000034
1            C0000000000                       102297530                                                    28211210          030717                    0000000000120                                                              00000000000000000000000000000000000565200000000001540000000000108                          B3        20101221                                                          000035
1            C0000000000                       102291396                                                    06211210          030722                    0000000004490                                                              00000000000000000000000000000000000471200000000001320000000000090                          00        20101221                                                          000036
1            C0000000000                       102291396                                                    28211210          030722                    0000000000120                                                              00000000000000000000000000000000000471200000000001320000000000090                          B3        20101221                                                          000037
1            C0000000000                       102305311                                                    06211210          030715                    0000000005990                                                              00000000000000000000000000000000000628600000000001760000000000120                          00        20101221                                                          000038
1            C0000000000                       102305311                                                    28211210          030715                    0000000000120                                                              00000000000000000000000000000000000628600000000001760000000000120                          B3        20101221                                                          000039
1            C0000000000                       102319665                                                    06211210          030735                    0000000004490                                                              00000000000000000000000000000000000471200000000001320000000000090                          00        20101221                                                          000040
1            C0000000000                       102319665                                                    28211210          030735                    0000000000120                                                              00000000000000000000000000000000000471200000000001320000000000090                          B3        20101221                                                          000041
1            C0000000000                       102305397                                                    06211210          030715                    0000000004490                                                              00000000000000000000000000000000000471200000000001320000000000090                          00        20101221                                                          000042
1            C0000000000                       102305397                                                    28211210          030715                    0000000000120                                                              00000000000000000000000000000000000471200000000001320000000000090                          B3        20101221                                                          000043
1            C0000000000                       102288786                                                    06211210          030738                    0000000004490                                                              00000000000000000000000000000000000507100000000004920000000000089                          00        20101221                                                          000044
1            C0000000000                       102288786                                                    28211210          030738                    0000000000120                                                              00000000000000000000000000000000000507100000000004920000000000089                          B3        20101221                                                          000045
1            C0000000000                       102295596                                                    06211210          030706                    0000000004490                                                              00000000000000000000000000000000000471200000000001320000000000090                          00        20101221                                                          000046
1            C0000000000                       102295596                                                    28211210          030706                    0000000000120                                                              00000000000000000000000000000000000471200000000001320000000000090                          B3        20101221                                                          000047
1            C0000000000                       102307098                                                    06211210          030729                    0000000004490                                                              00000000000000000000000000000000000471200000000001320000000000090                          00        20101221                                                          000048
1            C0000000000                       102307098                                                    28211210          030729                    0000000000120                                                              00000000000000000000000000000000000471200000000001320000000000090                          B3        20101221                                                          000049
1            C0000000000                       102297122                                                    06211210          030715                    0000000005990                                                              00000000000000000000000000000000000628600000000001760000000000120                          00        20101221                                                          000050
1            C0000000000                       102297122                                                    28211210          030715                    0000000000120                                                              00000000000000000000000000000000000628600000000001760000000000120                          B3        20101221                                                          000051
1            C0000000000                       102320701                                                    06211210          030706                    0000000004191                                                              00000000000000000000000000000000000419100000000000000000000000000                          00        20101221                                                          000052
1            C0000000000                       102320701                                                    28211210          030706                    0000000000120                                                              00000000000000000000000000000000000419100000000000000000000000000                          B3        20101221                                                          000053
1            C0000000000                       102340257                                                    06211210          COMPE                     0000000004490                                                              00000000000000000000000000000000000449000000000000000000000000000                          H5        20101221                                                          000054
1            C0000000000                       102340257                                                    28211210          COMPE                     0000000000150                                                              00000000000000000000000000000000000449000000000000000000000000000                          B3        20101221                                                          000055
1            C0000000000                       102351810                                                    06211210          COMPE                     0000000009490                                                              00000000000000000000000000000000000949000000000000000000000000000                          H5        20101221                                                          000056
1            C0000000000                       102351810                                                    28211210          COMPE                     0000000000150                                                              00000000000000000000000000000000000949000000000000000000000000000                          B3        20101221                                                          000057
1            C0000000000                       102351828                                                    06211210          COMPE                     0000000050600                                                              00000000000000000000000000000000005060000000000000000000000000000                          H5        20101221                                                          000058
1            C0000000000                       102351828                                                    28211210          COMPE                     0000000000150                                                              00000000000000000000000000000000005060000000000000000000000000000                          B3        20101221                                                          000059
1            C0000000000                       102330588                                                    06211210          COMPE                     0000000004490                                                              00000000000000000000000000000000000449000000000000000000000000000                          H5        20101221                                                          000060
1            C0000000000                       102330588                                                    28211210          COMPE                     0000000000150                                                              00000000000000000000000000000000000449000000000000000000000000000                          B3        20101221                                                          000061
1            C0000000000                       102344210                                                    06211210          COMPE                     0000000004040                                                              00000000000000000000000000000000000404000000000000000000000000000                          H5        20101221                                                          000062
1            C0000000000                       102344210                                                    28211210          COMPE                     0000000000150                                                              00000000000000000000000000000000000404000000000000000000000000000                          B3        20101221                                                          000063
1            C0000000000                       102334834                                                    06211210          COMPE                     0000000004040                                                              00000000000000000000000000000000000404000000000000000000000000000                          H5        20101221                                                          000064
1            C0000000000                       102334834                                                    28211210          COMPE                     0000000000150                                                              00000000000000000000000000000000000404000000000000000000000000000                          B3        20101221                                                          000065
1            C0000000000                       102350546                                                    06211210          COMPE                     0000000007990                                                              00000000000000000000000000000000000799000000000000000000000000000                          H5        20101221                                                          000066
1            C0000000000                       102350546                                                    28211210          COMPE                     0000000000150                                                              00000000000000000000000000000000000799000000000000000000000000000                          B3        20101221                                                          000067
1            C0000000000                       102323026                                                    06211210          COMPE                     0000000004490                                                              00000000000000000000000000000000000449000000000000000000000000000                          H5        20101221                                                          000068
1            C0000000000                       102323026                                                    28211210          COMPE                     0000000000150                                                              00000000000000000000000000000000000449000000000000000000000000000                          B3        20101221                                                          000069
1            C0000000000                       102267355                                                    06211210          COMPE                     0000000005070                                                              00000000000000000000000000000000000507000000000000000000000000000                          H5        20101221                                                          000070
1            C0000000000                       102267355                                                    28211210          COMPE                     0000000000150                                                              00000000000000000000000000000000000507000000000000000000000000000                          B3        20101221                                                          000071
9274846400                                                                                                                                                                                                                                                                                                                                                                                                000072
