02RETORNO01COBRANCA       00000000000004453302SSPNET SERV COM DE EQUIP DE IN237BRADESCO       3110110160000000002                                                                                                                                                                                                                                                                          011111         000001
1020877832200017800000060239700362255                         0000000000000043410P0000000000000000000000000606311011          0000000000000043410P000000000000000999023702397  000000000000000000000000000000000000000000000000000000000000000000000000000000000000000999000000000000000000000000000   011111             00000000000000                                                                  000002
1020877832200017800000060239700362255                         000000000000004479020000000000000000000000000606311011          00000000000000447902000000000000000749023703664  000000000000000000000000000000000000000000000000000000000000000000000000000000000000000749000000000000000000000000000   011111             00000000000000                                                                  000003
1020877832200017800000060239700362255                         000000000000004483800000000000000000000000000606311011          00000000000000448380000000000000000776323702397  000000000000000000000000000000000000000000000000000000000000000000000000000000000000000776300000000000000000000000000   011111             00000000000000                                                                  000004
1020877832200017800000060239700362255                         000000000000004517480000000000000000000000000606311011          00000000000000451748000000000000000499023703664  000000000000000000000000000000000000000000000000000000000000000000000000000000000000000499000000000000000000000000000   011111             00000000000000                                                                  000005
1020877832200017800000060239700362255                         000000000000004518610000000000000000000000000606311011          00000000000000451861000000000000001011523701554  000000000000000000000000000000000000000000000000000000000000000000000000000000000000001011500000000000000000000000000   011111             00000000000000                                                                  000006
1020877832200017800000060239700362255                         000000000000004751910000000000000000000000000606311011          00000000000000475191000000000000000510023701554  000000000000000000000000000000000000000000000000000000000000000000000000000000000000000510000000000000000000000000000   011111             00000000000000                                                                  000007
1020877832200017800000060239700362255                         000000000000004759140000000000000000000000000606311011          00000000000000475914000000000000000895023702397  000000000000000000000000000000000000000000000000000000000000000000000000000000000000000895000000000000000000000000000   011111             00000000000000                                                                  000008
1020877832200017800000060239700362255                         000000000000004967680000000000000000000000000606311011          00000000000000496768000000000000000499000101595  000000000000000000000000000000000000000000000000000000000000000000000000000000000000000499000000000000000000000000000   011111             00000000000000                                                                  000009
1020877832200017800000060239700362255                         000000000000005009510000000000000000000000000606311011          00000000000000500951000000000000000730000101595  000000000000000000000000000000000000000000000000000000000000000000000000000000000000000730000000000000000000000000000   011111             00000000000000                                                                  000010
1020877832200017800000060239700362255                         000000000000005023420000000000000000000000000606311011          00000000000000502342000000000000000499010401737  000000000000000000000000000000000000000000000000000000000000000000000000000000000000000499000000000000000000000000000   011111             00000000000000                                                                  000011
1020877832200017800000060239700362255                         000000000000005036910000000000000000000000000606311011          00000000000000503691000000000000000513523700851  000000000000000000000000000000000000000000000000000000000000000000000000000000000000000513500000000000000000000000000   011111             00000000000000                                                                  000012
1020877832200017800000060239700362255                         000000000000005050310000000000000000000000000606311011          00000000000000505031000000000000000511723700262  000000000000000000000000000000000000000000000000000000000000000000000000000000000000000511700000000000000000000000000   011111             00000000000000                                                                  000013
1020877832200017800000060239700362255                         000000000000005074760000000000000000000000000606311011          00000000000000507476000000000000000499023702397  000000000000000000000000000000000000000000000000000000000000000000000000000000000000000499000000000000000000000000000   011111             00000000000000                                                                  000014
1020877832200017800000060239700362255                         000000000000005094790000000000000000000000000606311011          00000000000000509479000000000000000198310403314  000000000000000000000000000000000000000000000000000000000000000000000000000000000000000198300000000000000000000000000   011111             00000000000000                                                                  000015
1020877832200017800000060239700362255                         000000000000005095920000000000000000000000000606311011          00000000000000509592000000000000000145623702397  000000000000000000000000000000000000000000000000000000000000000000000000000000000000000145600000000000000000000000000   011111             00000000000000                                                                  000016
1020877832200017800000060239700362255                         000000000000005100270000000000000000000000000606311011          00000000000000510027000000000000000990023702397  000000000000000000000000000000000000000000000000000000000000000000000000000000000000000990000000000000000000000000000   011111             00000000000000                                                                  000017
1020877832200017800000060239700362255                         000000000000005105820000000000000000000000000606311011          00000000000000510582000000000000000869023700851  000000000000000000000000000000000000000000000000000000000000000000000000000000000000000869000000000000000000000000000   011111             00000000000000                                                                  000018
1020877832200017800000060239700362255                         000000000000005109220000000000000000000000000606311011          00000000000000510922000000000000001380023701554  000000000000000000000000000000000000000000000000000000000000000000000000000000000000001380000000000000000000000000000   011111             00000000000000                                                                  000019
1020877832200017800000060239700362255                         000000000000005111120000000000000000000000000606311011          00000000000000511112000000000000004000023703796  000000000000000000000000000000000000000000000000000000000000000000000000000000000000004000000000000000000000000000000   011111             00000000000000                                                                  000020
1020877832200017800000060239700362255                         000000000000005111200000000000000000000000000606311011          00000000000000511120000000000000002680023701554  000000000000000000000000000000000000000000000000000000000000000000000000000000000000002680000000000000000000000000000   011111             00000000000000                                                                  000021
1020877832200017800000060239700362255                         000000000000005111390000000000000000000000000606311011          00000000000000511139000000000000003380000100804  000000000000000000000000000000000000000000000000000000000000000000000000000000000000003380000000000000000000000000000   011111             00000000000000                                                                  000022
1020877832200017800000060239700362255                         000000000000005112520000000000000000000000000606311011          00000000000000511252000000000000003493310402525  000000000000000000000000000000000000000000000000000000000000000000000000000000000000003493300000000000000000000000000   011111             00000000000000                                                                  000023
1020877832200017800000060239700362255                         000000000000005114060000000000000000000000000606311011          00000000000000511406000000000000009900039900884  000000000000000000000000000000000000000000000000000000000000000000000000000000000000009900000000000000000000000000000   011111             00000000000000                                                                  000024
1020877832200017800000060239700362255                         000000000000005122160000000000000000000000000606311011          00000000000000512216000000000000001500010403939  000000000000000000000000000000000000000000000000000000000000000000000000000000000000001500000000000000000000000000000   011111             00000000000000                                                                  000025
1020877832200017800000060239700362255                         000000000000005122240000000000000000000000000606311011          00000000000000512224000000000000001500010403939  000000000000000000000000000000000000000000000000000000000000000000000000000000000000001500000000000000000000000000000   011111             00000000000000                                                                  000026
9201237          000000250000000038728200000002          00000000000000000000000387282000250000003872820000000000000000000000000000000000000000000000000000000000000000000000000000000000000                                                                                                                                                                              00000000000000000000000         000027
