10400000         2105516240001500000000000000000000000551722751700000000PROSERVNET PRODUTOS E SERVICOSC ECON FEDERAL                          20808201202481800040304000000                    RETORNO-PRODUCAO                  000            
10400011T0100030 20105516240001500000000000000000000000551722751700000000PROSERVNET PRODUTOS E SERVICOS                                                                                00000403080820120000000000                          00   
1040001300001T 060000002275170000000   248000000000102291100000000000000010082012000000000011500000005510000000000000000          090000000000000000                                                  000000000000161020101                     
1040001300002U 06000000000000000000000000000000000000000000000000000000000000000000000011500000000000011500000000000000000000000000000000080820120908201200000908201200000000000000000000000000000000000000000000000000000000000000000000       
1040001300003T 060000002275170000000   248000000000102801100000000000000010082012000000000008000237010110000000000000000          090000000000000000                                                  000000000000326040101                     
1040001300004U 06000000000000000000000000000000000000000000000000000000000000000000000008000000000000008000000000000000000000000000000000080820120908201200000908201200000000000000000000000000000000000000000000000000000000000000000000       
1040001300005T 060000002275170000000   248000000000104472100000000000000009082012000000000011500000005510000000000000000          090000000000000000                                                  000000000000161020101                     
1040001300006U 06000000000000000000000000000000000000000000000000000000000000000000000011500000000000011500000000000000000000000000000000080820120908201200000908201200000000000000000000000000000000000000000000000000000000000000000000       
1040001300007T 060000002275170000000   248000000000104480100000000000000010082012000000000011500000005510000000000000000          090000000000000000                                                  000000000000161020101                     
1040001300008U 06000000000000000000000000000000000000000000000000000000000000000000000011500000000000011500000000000000000000000000000000080820120908201200000908201200000000000000000000000000000000000000000000000000000000000000000000       
1040001300009T 060000002275170000000   248000000000107153100000000000000010082012000000000008000399000540000000000000000          090000000000000000                                                  000000000000326040101                     
1040001300010U 06000000000000000000000000000000000000000000000000000000000000000000000008000000000000008000000000000000000000000000000000080820120908201200000908201200000000000000000000000000000000000000000000000000000000000000000000       
1040001300011T 060000002275170000000   248000000000109385100000000000000006082012000000000024110000005510000000000000000          090000000000000000                                                  000000000000161020101                     
1040001300012U 06000000000001200000000000000000000000000000000000000000000000000000000025310000000000025310000000000000000000000000000000080820120908201200000908201200000000000000000000000000000000000000000000000000000000000000000000       
1040001300013T 060000002275170000000   248000000000110901100000000000000010082012000000000011500237010110000000000000000          090000000000000000                                                  000000000000326040101                     
1040001300014U 06000000000000000000000000000000000000000000000000000000000000000000000011500000000000011500000000000000000000000000000000080820120908201200000908201200000000000000000000000000000000000000000000000000000000000000000000       
1040001300015T 060000002275170000000   248000000000111525100000000000000010082012000000000011500000005510000000000000000          090000000000000000                                                  000000000000161020101                     
1040001300016U 06000000000000000000000000000000000000000000000000000000000000000000000011500000000000011500000000000000000000000000000000080820120908201200000908201200000000000000000000000000000000000000000000000000000000000000000000       
1040001300017T 060000002275170000000   248000000000112696100000000000000010082012000000000011500000005510000000000000000          090000000000000000                                                  000000000000149060101                     
1040001300018U 06000000000000000000000000000000000000000000000000000000000000000000000011500000000000011500000000000000000000000000000000080820120908201200000908201200000000000000000000000000000000000000000000000000000000000000000000       
1040001300019T 060000002275170000000   248000000000114745100000000000000010082012000000000011500033037020000000000000000          090000000000000000                                                  000000000000326040101                     
1040001300020U 06000000000000000000000000000000000000000000000000000000000000000000000011500000000000011500000000000000000000000000000000080820120908201200000908201200000000000000000000000000000000000000000000000000000000000000000000       
10400015         00002200000000000000000000000000000000000000000000000000000000000000000000000000000000000000000000                                                                                                                             
10499999         000001000024                                                                                                                                                                                                                   
