02RETORNO01COBRANCA       0130608411698000140                               748BANSICREDI     20120420        0000132                                                                                                                                                                                                                                                                                 1.00000001
1            C0000000000                       122237882                                                    06190412          025808                    0000000004332                                                              00000000000000000000000000000000000433200000000000000000000000000                          00        20120419                                                          000002
1            C0000000000                       122237882                                                    28190412          025808                    0000000000120                                                              00000000000000000000000000000000000433200000000000000000000000000                          B3        20120419                                                          000003
1            C0000000000                       122050634                                                    06190412          030703                    0000000006074                                                              00000000000000000000000000000000000607400000000000000000000000000                          00        20120419                                                          000004
1            C0000000000                       122050634                                                    28190412          030703                    0000000000120                                                              00000000000000000000000000000000000607400000000000000000000000000                          B3        20120419                                                          000005
1            C0000000000                       122212740                                                    06190412          030729                    0000000005390                                                              00000000000000000000000000000000000539000000000000000000000000000                          00        20120419                                                          000006
1            C0000000000                       122212740                                                    28190412          030729                    0000000000120                                                              00000000000000000000000000000000000539000000000000000000000000000                          B3        20120419                                                          000007
1            C0000000000                       122205310                                                    06190412          030717                    0000000004490                                                              00000000000000000000000000000000000449000000000000000000000000000                          00        20120419                                                          000008
1            C0000000000                       122205310                                                    28190412          030717                    0000000000120                                                              00000000000000000000000000000000000449000000000000000000000000000                          B3        20120419                                                          000009
1            C0000000000                       122235863                                                    06190412          030729                    0000000004490                                                              00000000000000000000000000000000000468800000000001080000000000090                          00        20120419                                                          000010
1            C0000000000                       122235863                                                    28190412          030729                    0000000000120                                                              00000000000000000000000000000000000468800000000001080000000000090                          B3        20120419                                                          000011
1            C0000000000                       122233135                                                    06190412          030706                    0000000003900                                                              00000000000000000000000000000000000406800000000000900000000000078                          00        20120419                                                          000012
1            C0000000000                       122233135                                                    28190412          030706                    0000000000120                                                              00000000000000000000000000000000000406800000000000900000000000078                          B3        20120419                                                          000013
1            C0000000000                       122212715                                                    06190412          030706                    0000000007990                                                              00000000000000000000000000000000000833900000000001890000000000160                          00        20120419                                                          000014
1            C0000000000                       122212715                                                    28190412          030706                    0000000000120                                                              00000000000000000000000000000000000833900000000001890000000000160                          B3        20120419                                                          000015
1            C0000000000                       122235294                                                    06190412          030715                    0000000004490                                                              00000000000000000000000000000000000468800000000001080000000000090                          00        20120419                                                          000016
1            C0000000000                       122235294                                                    28190412          030715                    0000000000120                                                              00000000000000000000000000000000000468800000000001080000000000090                          B3        20120419                                                          000017
1            C0000000000                       122237300                                                    06190412          036108                    0000000006510                                                              00000000000000000000000000000000000674700000000001530000000000084                          00        20120419                                                          000018
1            C0000000000                       122237300                                                    28190412          036108                    0000000000120                                                              00000000000000000000000000000000000674700000000001530000000000084                          B3        20120419                                                          000019
1            C0000000000                       122239532                                                    06190412          030729                    0000000000724                                                              00000000000000000000000000000000000075600000000000180000000000014                          00        20120419                                                          000020
1            C0000000000                       122239532                                                    28190412          030729                    0000000000120                                                              00000000000000000000000000000000000075600000000000180000000000014                          B3        20120419                                                          000021
1            C0000000000                       122203511                                                    06190412          030702                    0000000004673                                                              00000000000000000000000000000000000477500000000000120000000000090                          00        20120419                                                          000022
1            C0000000000                       122203511                                                    28190412          030702                    0000000000120                                                              00000000000000000000000000000000000477500000000000120000000000090                          B3        20120419                                                          000023
1            C0000000000                       122204887                                                    06190412          030706                    0000000005990                                                              00000000000000000000000000000000000625400000000001440000000000120                          00        20120419                                                          000024
1            C0000000000                       122204887                                                    28190412          030706                    0000000000120                                                              00000000000000000000000000000000000625400000000001440000000000120                          B3        20120419                                                          000025
1            C0000000000                       122162696                                                    06190412          030704                    0000000003657                                                              00000000000000000000000000000000000365700000000000000000000000000                          00        20120419                                                          000026
1            C0000000000                       122162696                                                    28190412          030704                    0000000000120                                                              00000000000000000000000000000000000365700000000000000000000000000                          B3        20120419                                                          000027
1            C0000000000                       122203163                                                    06190412          030706                    0000000004490                                                              00000000000000000000000000000000000468800000000001080000000000090                          00        20120419                                                          000028
1            C0000000000                       122203163                                                    28190412          030706                    0000000000120                                                              00000000000000000000000000000000000468800000000001080000000000090                          B3        20120419                                                          000029
1            C0000000000                       122228581                                                    06190412          030729                    0000000005990                                                              00000000000000000000000000000000000625400000000001440000000000120                          00        20120419                                                          000030
1            C0000000000                       122228581                                                    28190412          030729                    0000000000120                                                              00000000000000000000000000000000000625400000000001440000000000120                          B3        20120419                                                          000031
1            C0000000000                       122203180                                                    06190412          030728                    0000000004040                                                              00000000000000000000000000000000000422000000000000990000000000081                          00        20120419                                                          000032
1            C0000000000                       122203180                                                    28190412          030728                    0000000000120                                                              00000000000000000000000000000000000422000000000000990000000000081                          B3        20120419                                                          000033
1            C0000000000                       122213410                                                    06190412          030715                    0000000004490                                                              00000000000000000000000000000000000463800000000001080000000000040                          00        20120419                                                          000034
1            C0000000000                       122213410                                                    28190412          030715                    0000000000120                                                              00000000000000000000000000000000000463800000000001080000000000040                          B3        20120419                                                          000035
1            C0000000000                       122232724                                                    06190412          030717                    0000000004490                                                              00000000000000000000000000000000000468800000000001080000000000090                          00        20120419                                                          000036
1            C0000000000                       122232724                                                    28190412          030717                    0000000000120                                                              00000000000000000000000000000000000468800000000001080000000000090                          B3        20120419                                                          000037
1            C0000000000                       122227852                                                    06190412          036103                    0000000008900                                                              00000000000000000000000000000000000928500000000002070000000000178                          00        20120419                                                          000038
1            C0000000000                       122227852                                                    28190412          036103                    0000000000120                                                              00000000000000000000000000000000000928500000000002070000000000178                          B3        20120419                                                          000039
1            C0000000000                       122221463                                                    06190412          030715                    0000000006522                                                              00000000000000000000000000000000000666300000000001300000000000011                          00        20120419                                                          000040
1            C0000000000                       122221463                                                    28190412          030715                    0000000000120                                                              00000000000000000000000000000000000666300000000001300000000000011                          B3        20120419                                                          000041
1            C0000000000                       122221404                                                    06190412          030712                    0000000004490                                                              00000000000000000000000000000000000468800000000001080000000000090                          00        20120419                                                          000042
1            C0000000000                       122221404                                                    28190412          030712                    0000000000120                                                              00000000000000000000000000000000000468800000000001080000000000090                          B3        20120419                                                          000043
1            C0000000000                       122232716                                                    06190412          030705                    0000000004685                                                              00000000000000000000000000000000000468500000000000000000000000000                          00        20120419                                                          000044
1            C0000000000                       122232716                                                    28190412          030705                    0000000000120                                                              00000000000000000000000000000000000468500000000000000000000000000                          B3        20120419                                                          000045
1            C0000000000                       122196302                                                    06190412          030705                    0000000005035                                                              00000000000000000000000000000000000503500000000000000000000000000                          00        20120419                                                          000046
1            C0000000000                       122196302                                                    28190412          030705                    0000000000120                                                              00000000000000000000000000000000000503500000000000000000000000000                          B3        20120419                                                          000047
1            C0000000000                       122197767                                                    06190412          COMPE                     0000000009980                                                              00000000000000000000000000000000000998000000000000000000000000000                          H5        20120419                                                          000048
1            C0000000000                       122197767                                                    28190412          COMPE                     0000000000120                                                              00000000000000000000000000000000000998000000000000000000000000000                          B3        20120419                                                          000049
1            C0000000000                       122229375                                                    06190412          COMPE                     0000000004685                                                              00000000000000000000000000000000000468500000000000000000000000000                          H5        20120419                                                          000050
1            C0000000000                       122229375                                                    28190412          COMPE                     0000000000120                                                              00000000000000000000000000000000000468500000000000000000000000000                          B3        20120419                                                          000051
1            C0000000000                       122239362                                                    06190412          COMPE                     0000000004685                                                              00000000000000000000000000000000000468500000000000000000000000000                          H5        20120419                                                          000052
1            C0000000000                       122239362                                                    28190412          COMPE                     0000000000120                                                              00000000000000000000000000000000000468500000000000000000000000000                          B3        20120419                                                          000053
1            C0000000000                       122239737                                                    06190412          COMPE                     0000000004470                                                              00000000000000000000000000000000000447000000000000000000000000000                          H5        20120419                                                          000054
1            C0000000000                       122239737                                                    28190412          COMPE                     0000000000120                                                              00000000000000000000000000000000000447000000000000000000000000000                          B3        20120419                                                          000055
1            C0000000000                       122229553                                                    06190412          COMPE                     0000000003285                                                              00000000000000000000000000000000000328500000000000000000000000000                          H5        20120419                                                          000056
1            C0000000000                       122229553                                                    28190412          COMPE                     0000000000120                                                              00000000000000000000000000000000000328500000000000000000000000000                          B3        20120419                                                          000057
9274801306                                                                                                                                                                                                                                                                                                                                                                                                000058
