02RETORNO01COBRANCA       0130608411698000140                               748BANSICREDI     20120821        0000217                                                                                                                                                                                                                                                                                 1.00000001
1            C0000000000                       122355621                                                    06200812          030712                    0000000005390                                                              00000000000000000000000000000000000539000000000000000000000000000                          00        20120820                                                          000002
1            C0000000000                       122355621                                                    28200812          030712                    0000000000120                                                              00000000000000000000000000000000000539000000000000000000000000000                          B3        20120820                                                          000003
1            C0000000000                       122381630                                                    06200812          036108                    0000000004490                                                              00000000000000000000000000000000000470000000000001200000000000090                          00        20120820                                                          000004
1            C0000000000                       122381630                                                    28200812          036108                    0000000000120                                                              00000000000000000000000000000000000470000000000001200000000000090                          B3        20120820                                                          000005
1            C0000000000                       122377358                                                    06200812          030726                    0000000004490                                                              00000000000000000000000000000000000470000000000001200000000000090                          00        20120820                                                          000006
1            C0000000000                       122377358                                                    28200812          030726                    0000000000120                                                              00000000000000000000000000000000000470000000000001200000000000090                          B3        20120820                                                          000007
1            C0000000000                       122390109                                                    06200812          030702                    0000000003900                                                              00000000000000000000000000000000000407800000000001000000000000078                          00        20120820                                                          000008
1            C0000000000                       122390109                                                    28200812          030702                    0000000000120                                                              00000000000000000000000000000000000407800000000001000000000000078                          B3        20120820                                                          000009
1            C0000000000                       122373590                                                    06200812          030740                    0000000004040                                                              00000000000000000000000000000000000423100000000001100000000000081                          00        20120820                                                          000010
1            C0000000000                       122373590                                                    28200812          030740                    0000000000120                                                              00000000000000000000000000000000000423100000000001100000000000081                          B3        20120820                                                          000011
1            C0000000000                       122385300                                                    06200812          030706                    0000000004697                                                              00000000000000000000000000000000000469700000000000000000000000000                          00        20120820                                                          000012
1            C0000000000                       122385300                                                    28200812          030706                    0000000000120                                                              00000000000000000000000000000000000469700000000000000000000000000                          B3        20120820                                                          000013
1            C0000000000                       122363551                                                    06200812          030703                    0000000004490                                                              00000000000000000000000000000000000470000000000001200000000000090                          00        20120820                                                          000014
1            C0000000000                       122363551                                                    28200812          030703                    0000000000120                                                              00000000000000000000000000000000000470000000000001200000000000090                          B3        20120820                                                          000015
1            C0000000000                       122347734                                                    06200812          030712                    0000000004490                                                              00000000000000000000000000000000000507200000000004920000000000090                          00        20120820                                                          000016
1            C0000000000                       122347734                                                    28200812          030712                    0000000000120                                                              00000000000000000000000000000000000507200000000004920000000000090                          B3        20120820                                                          000017
1            C0000000000                       122386012                                                    06200812          030721                    0000000004444                                                              00000000000000000000000000000000000465300000000001200000000000089                          00        20120820                                                          000018
1            C0000000000                       122386012                                                    28200812          030721                    0000000000120                                                              00000000000000000000000000000000000465300000000001200000000000089                          B3        20120820                                                          000019
1            C0000000000                       122365937                                                    06200812          030707                    0000000004040                                                              00000000000000000000000000000000000423100000000001100000000000081                          00        20120820                                                          000020
1            C0000000000                       122365937                                                    28200812          030707                    0000000000120                                                              00000000000000000000000000000000000423100000000001100000000000081                          B3        20120820                                                          000021
1            C0000000000                       122372798                                                    06200812          030735                    0000000004490                                                              00000000000000000000000000000000000463000000000000500000000000090                          00        20120820                                                          000022
1            C0000000000                       122372798                                                    28200812          030735                    0000000000120                                                              00000000000000000000000000000000000463000000000000500000000000090                          B3        20120820                                                          000023
1            C0000000000                       122384192                                                    06200812          030702                    0000000004040                                                              00000000000000000000000000000000000423100000000001100000000000081                          00        20120820                                                          000024
1            C0000000000                       122384192                                                    28200812          030702                    0000000000120                                                              00000000000000000000000000000000000423100000000001100000000000081                          B3        20120820                                                          000025
1            C0000000000                       122362423                                                    06200812          030719                    0000000004490                                                              00000000000000000000000000000000000470000000000001200000000000090                          00        20120820                                                          000026
1            C0000000000                       122362423                                                    28200812          030719                    0000000000120                                                              00000000000000000000000000000000000470000000000001200000000000090                          B3        20120820                                                          000027
1            C0000000000                       122371384                                                    06200812          030729                    0000000004040                                                              00000000000000000000000000000000000404000000000000000000000000000                          00        20120820                                                          000028
1            C0000000000                       122371384                                                    28200812          030729                    0000000000120                                                              00000000000000000000000000000000000404000000000000000000000000000                          B3        20120820                                                          000029
1            C0000000000                       122391199                                                    06200812          030715                    0000000004490                                                              00000000000000000000000000000000000449000000000000000000000000000                          00        20120820                                                          000030
1            C0000000000                       122391199                                                    28200812          030715                    0000000000120                                                              00000000000000000000000000000000000449000000000000000000000000000                          B3        20120820                                                          000031
1            C0000000000                       122357543                                                    06200812          030726                    0000000005990                                                              00000000000000000000000000000000000599000000000000000000000000000                          00        20120820                                                          000032
1            C0000000000                       122357543                                                    28200812          030726                    0000000000120                                                              00000000000000000000000000000000000599000000000000000000000000000                          B3        20120820                                                          000033
1            C0000000000                       122357144                                                    06200812          030722                    0000000004040                                                              00000000000000000000000000000000000423100000000001100000000000081                          00        20120820                                                          000034
1            C0000000000                       122357144                                                    28200812          030722                    0000000000120                                                              00000000000000000000000000000000000423100000000001100000000000081                          B3        20120820                                                          000035
1            C0000000000                       122358337                                                    06200812          030726                    0000000013077                                                              00000000000000000000000000000000001367900000000003400000000000262                          00        20120820                                                          000036
1            C0000000000                       122358337                                                    28200812          030726                    0000000000120                                                              00000000000000000000000000000000001367900000000003400000000000262                          B3        20120820                                                          000037
1            C0000000000                       122359198                                                    06200812          030718                    0000000004490                                                              00000000000000000000000000000000000470000000000001200000000000090                          00        20120820                                                          000038
1            C0000000000                       122359198                                                    28200812          030718                    0000000000120                                                              00000000000000000000000000000000000470000000000001200000000000090                          B3        20120820                                                          000039
1            C0000000000                       122357586                                                    06200812          030704                    0000000004040                                                              00000000000000000000000000000000000423100000000001100000000000081                          00        20120820                                                          000040
1            C0000000000                       122357586                                                    28200812          030704                    0000000000120                                                              00000000000000000000000000000000000423100000000001100000000000081                          B3        20120820                                                          000041
1            C0000000000                       122374324                                                    06200812          030737                    0000000005990                                                              00000000000000000000000000000000000627000000000001600000000000120                          00        20120820                                                          000042
1            C0000000000                       122374324                                                    28200812          030737                    0000000000120                                                              00000000000000000000000000000000000627000000000001600000000000120                          B3        20120820                                                          000043
1            C0000000000                       122374405                                                    06200812          030738                    0000000004490                                                              00000000000000000000000000000000000470000000000001200000000000090                          00        20120820                                                          000044
1            C0000000000                       122374405                                                    28200812          030738                    0000000000120                                                              00000000000000000000000000000000000470000000000001200000000000090                          B3        20120820                                                          000045
1            C0000000000                       122370078                                                    06200812          030736                    0000000004490                                                              00000000000000000000000000000000000470000000000001200000000000090                          00        20120820                                                          000046
1            C0000000000                       122370078                                                    28200812          030736                    0000000000120                                                              00000000000000000000000000000000000470000000000001200000000000090                          B3        20120820                                                          000047
1            C0000000000                       122353114                                                    06200812          030706                    0000000004490                                                              00000000000000000000000000000000000507200000000004920000000000090                          00        20120820                                                          000048
1            C0000000000                       122353114                                                    28200812          030706                    0000000000120                                                              00000000000000000000000000000000000507200000000004920000000000090                          B3        20120820                                                          000049
1            C0000000000                       122368138                                                    06200812          030704                    0000000004490                                                              00000000000000000000000000000000000470000000000001200000000000090                          00        20120820                                                          000050
1            C0000000000                       122368138                                                    28200812          030704                    0000000000120                                                              00000000000000000000000000000000000470000000000001200000000000090                          B3        20120820                                                          000051
1            C0000000000                       122372313                                                    06200812          030736                    0000000004490                                                              00000000000000000000000000000000000470000000000001200000000000090                          00        20120820                                                          000052
1            C0000000000                       122372313                                                    28200812          030736                    0000000000120                                                              00000000000000000000000000000000000470000000000001200000000000090                          B3        20120820                                                          000053
1            C0000000000                       122363802                                                    06200812          030729                    0000000004490                                                              00000000000000000000000000000000000470000000000001200000000000090                          00        20120820                                                          000054
1            C0000000000                       122363802                                                    28200812          030729                    0000000000120                                                              00000000000000000000000000000000000470000000000001200000000000090                          B3        20120820                                                          000055
1            C0000000000                       122388716                                                    06200812          030707                    0000000004040                                                              00000000000000000000000000000000000423100000000001100000000000081                          00        20120820                                                          000056
1            C0000000000                       122388716                                                    28200812          030707                    0000000000120                                                              00000000000000000000000000000000000423100000000001100000000000081                          B3        20120820                                                          000057
1            C0000000000                       122357683                                                    06200812          030718                    0000000004490                                                              00000000000000000000000000000000000470000000000001200000000000090                          00        20120820                                                          000058
1            C0000000000                       122357683                                                    28200812          030718                    0000000000120                                                              00000000000000000000000000000000000470000000000001200000000000090                          B3        20120820                                                          000059
1            C0000000000                       122317274                                                    06200812          030718                    0000000004490                                                              00000000000000000000000000000000000507200000000004920000000000090                          00        20120820                                                          000060
1            C0000000000                       122317274                                                    28200812          030718                    0000000000120                                                              00000000000000000000000000000000000507200000000004920000000000090                          B3        20120820                                                          000061
1            C0000000000                       122353874                                                    06200812          030722                    0000000004490                                                              00000000000000000000000000000000000470000000000001200000000000090                          00        20120820                                                          000062
1            C0000000000                       122353874                                                    28200812          030722                    0000000000120                                                              00000000000000000000000000000000000470000000000001200000000000090                          B3        20120820                                                          000063
1            C0000000000                       122315778                                                    06200812          030722                    0000000004490                                                              00000000000000000000000000000000000507200000000004920000000000090                          00        20120820                                                          000064
1            C0000000000                       122315778                                                    28200812          030722                    0000000000120                                                              00000000000000000000000000000000000507200000000004920000000000090                          B3        20120820                                                          000065
1            C0000000000                       122383315                                                    06200812          030702                    0000000004697                                                              00000000000000000000000000000000000469700000000000000000000000000                          00        20120820                                                          000066
1            C0000000000                       122383315                                                    28200812          030702                    0000000000120                                                              00000000000000000000000000000000000469700000000000000000000000000                          B3        20120820                                                          000067
1            C0000000000                       122341965                                                    06200812          COMPE                     0000000006647                                                              00000000000000000000000000000000000664700000000000000000000000000                          H5        20120820                                                          000068
1            C0000000000                       122341965                                                    28200812          COMPE                     0000000000120                                                              00000000000000000000000000000000000664700000000000000000000000000                          B3        20120820                                                          000069
1            C0000000000                       122387191                                                    06200812          COMPE                     0000000006171                                                              00000000000000000000000000000000000617100000000000000000000000000                          H5        20120820                                                          000070
1            C0000000000                       122387191                                                    28200812          COMPE                     0000000000120                                                              00000000000000000000000000000000000617100000000000000000000000000                          B3        20120820                                                          000071
1            C0000000000                       122349729                                                    06200812          COMPE                     0000000006647                                                              00000000000000000000000000000000000664700000000000000000000000000                          H5        20120820                                                          000072
1            C0000000000                       122349729                                                    28200812          COMPE                     0000000000120                                                              00000000000000000000000000000000000664700000000000000000000000000                          B3        20120820                                                          000073
1            C0000000000                       122374502                                                    06200812          COMPE                     0000000005216                                                              00000000000000000000000000000000000521600000000000000000000000000                          H5        20120820                                                          000074
1            C0000000000                       122374502                                                    28200812          COMPE                     0000000000120                                                              00000000000000000000000000000000000521600000000000000000000000000                          B3        20120820                                                          000075
1            C0000000000                       122329086                                                    06200812          COMPE                     0000000005059                                                              00000000000000000000000000000000000505900000000000000000000000000                          H5        20120820                                                          000076
1            C0000000000                       122329086                                                    28200812          COMPE                     0000000000120                                                              00000000000000000000000000000000000505900000000000000000000000000                          B3        20120820                                                          000077
1            C0000000000                       122366925                                                    06200812          COMPE                     0000000004580                                                              00000000000000000000000000000000000458000000000000000000000000000                          H5        20120820                                                          000078
1            C0000000000                       122366925                                                    28200812          COMPE                     0000000000120                                                              00000000000000000000000000000000000458000000000000000000000000000                          B3        20120820                                                          000079
1            C0000000000                       122333350                                                    06200812          COMPE                     0000000004580                                                              00000000000000000000000000000000000458000000000000000000000000000                          H5        20120820                                                          000080
1            C0000000000                       122333350                                                    28200812          COMPE                     0000000000120                                                              00000000000000000000000000000000000458000000000000000000000000000                          B3        20120820                                                          000081
9274801306                                                                                                                                                                                                                                                                                                                                                                                                000082
