02RETORNO01COBRANCA       0130608411698000140                               748BANSICREDI     20120822        0000218                                                                                                                                                                                                                                                                                 1.00000001
1            C0000000000                       122377536                                                    06210812          030737                    0000000004490                                                              00000000000000000000000000000000000449000000000000000000000000000                          00        20120821                                                          000002
1            C0000000000                       122377536                                                    28210812          030737                    0000000000120                                                              00000000000000000000000000000000000449000000000000000000000000000                          B3        20120821                                                          000003
1            C0000000000                       122356369                                                    06210812          030726                    0000000004040                                                              00000000000000000000000000000000000404000000000000000000000000000                          00        20120821                                                          000004
1            C0000000000                       122356369                                                    28210812          030726                    0000000000120                                                              00000000000000000000000000000000000404000000000000000000000000000                          B3        20120821                                                          000005
1            C0000000000                       122389780                                                    06210812          036103                    0000000009240                                                              00000000000000000000000000000000000951000000000000920000000000178                          00        20120821                                                          000006
1            C0000000000                       122389780                                                    28210812          036103                    0000000000120                                                              00000000000000000000000000000000000951000000000000920000000000178                          B3        20120821                                                          000007
1            C0000000000                       122352363                                                    06210812          036103                    0000000012849                                                              00000000000000000000000000000000001319900000000001200000000000230                          00        20120821                                                          000008
1            C0000000000                       122352363                                                    28210812          036103                    0000000000120                                                              00000000000000000000000000000000001319900000000001200000000000230                          B3        20120821                                                          000009
1            C0000000000                       122377579                                                    06210812          030706                    0000000007990                                                              00000000000000000000000000000000000838100000000002310000000000160                          00        20120821                                                          000010
1            C0000000000                       122377579                                                    28210812          030706                    0000000000120                                                              00000000000000000000000000000000000838100000000002310000000000160                          B3        20120821                                                          000011
1            C0000000000                       122357926                                                    06210812          030722                    0000000005390                                                              00000000000000000000000000000000000539000000000000000000000000000                          00        20120821                                                          000012
1            C0000000000                       122357926                                                    28210812          030722                    0000000000120                                                              00000000000000000000000000000000000539000000000000000000000000000                          B3        20120821                                                          000013
1            C0000000000                       122386233                                                    06210812          030704                    0000000007990                                                              00000000000000000000000000000000000838100000000002310000000000160                          00        20120821                                                          000014
1            C0000000000                       122386233                                                    28210812          030704                    0000000000120                                                              00000000000000000000000000000000000838100000000002310000000000160                          B3        20120821                                                          000015
1            C0000000000                       122381460                                                    06210812          030738                    0000000004490                                                              00000000000000000000000000000000000471200000000001320000000000090                          00        20120821                                                          000016
1            C0000000000                       122381460                                                    28210812          030738                    0000000000120                                                              00000000000000000000000000000000000471200000000001320000000000090                          B3        20120821                                                          000017
1            C0000000000                       122384451                                                    06210812          030715                    0000000004490                                                              00000000000000000000000000000000000471200000000001320000000000090                          00        20120821                                                          000018
1            C0000000000                       122384451                                                    28210812          030715                    0000000000120                                                              00000000000000000000000000000000000471200000000001320000000000090                          B3        20120821                                                          000019
1            C0000000000                       122376874                                                    06210812          030706                    0000000004490                                                              00000000000000000000000000000000000471200000000001320000000000090                          00        20120821                                                          000020
1            C0000000000                       122376874                                                    28210812          030706                    0000000000120                                                              00000000000000000000000000000000000471200000000001320000000000090                          B3        20120821                                                          000021
1            C0000000000                       122334012                                                    06210812          030737                    0000000004490                                                              00000000000000000000000000000000000508400000000005040000000000090                          00        20120821                                                          000022
1            C0000000000                       122334012                                                    28210812          030737                    0000000000120                                                              00000000000000000000000000000000000508400000000005040000000000090                          B3        20120821                                                          000023
1            C0000000000                       122340420                                                    06210812          030735                    0000000004490                                                              00000000000000000000000000000000000508400000000005040000000000090                          00        20120821                                                          000024
1            C0000000000                       122340420                                                    28210812          030735                    0000000000120                                                              00000000000000000000000000000000000508400000000005040000000000090                          B3        20120821                                                          000025
1            C0000000000                       122356610                                                    06210812          030728                    0000000004040                                                              00000000000000000000000000000000000424200000000001210000000000081                          00        20120821                                                          000026
1            C0000000000                       122356610                                                    28210812          030728                    0000000000120                                                              00000000000000000000000000000000000424200000000001210000000000081                          B3        20120821                                                          000027
1            C0000000000                       122363730                                                    06210812          030726                    0000000004490                                                              00000000000000000000000000000000000471200000000001320000000000090                          00        20120821                                                          000028
1            C0000000000                       122363730                                                    28210812          030726                    0000000000120                                                              00000000000000000000000000000000000471200000000001320000000000090                          B3        20120821                                                          000029
1            C0000000000                       122364922                                                    06210812          030706                    0000000004490                                                              00000000000000000000000000000000000471200000000001320000000000090                          00        20120821                                                          000030
1            C0000000000                       122364922                                                    28210812          030706                    0000000000120                                                              00000000000000000000000000000000000471200000000001320000000000090                          B3        20120821                                                          000031
1            C0000000000                       122372380                                                    06210812          030706                    0000000005990                                                              00000000000000000000000000000000000628600000000001760000000000120                          00        20120821                                                          000032
1            C0000000000                       122372380                                                    28210812          030706                    0000000000120                                                              00000000000000000000000000000000000628600000000001760000000000120                          B3        20120821                                                          000033
1            C0000000000                       122348200                                                    06210812          030704                    0000000006764                                                              00000000000000000000000000000000000676400000000000000000000000000                          00        20120821                                                          000034
1            C0000000000                       122348200                                                    28210812          030704                    0000000000120                                                              00000000000000000000000000000000000676400000000000000000000000000                          B3        20120821                                                          000035
1            C0000000000                       122376815                                                    06210812          030726                    0000000004040                                                              00000000000000000000000000000000000408300000000000000000000000043                          00        20120821                                                          000036
1            C0000000000                       122376815                                                    28210812          030726                    0000000000120                                                              00000000000000000000000000000000000408300000000000000000000000043                          B3        20120821                                                          000037
1            C0000000000                       122381185                                                    06210812          030706                    0000000005990                                                              00000000000000000000000000000000000628600000000001760000000000120                          00        20120821                                                          000038
1            C0000000000                       122381185                                                    28210812          030706                    0000000000120                                                              00000000000000000000000000000000000628600000000001760000000000120                          B3        20120821                                                          000039
1            C0000000000                       122373190                                                    06210812          030717                    0000000004490                                                              00000000000000000000000000000000000471200000000001320000000000090                          00        20120821                                                          000040
1            C0000000000                       122373190                                                    28210812          030717                    0000000000120                                                              00000000000000000000000000000000000471200000000001320000000000090                          B3        20120821                                                          000041
1            C0000000000                       122370116                                                    06210812          030715                    0000000004490                                                              00000000000000000000000000000000000471200000000001320000000000090                          00        20120821                                                          000042
1            C0000000000                       122370116                                                    28210812          030715                    0000000000120                                                              00000000000000000000000000000000000471200000000001320000000000090                          B3        20120821                                                          000043
1            C0000000000                       122355419                                                    06210812          030717                    0000000003900                                                              00000000000000000000000000000000000408800000000001100000000000078                          00        20120821                                                          000044
1            C0000000000                       122355419                                                    28210812          030717                    0000000000120                                                              00000000000000000000000000000000000408800000000001100000000000078                          B3        20120821                                                          000045
1            C0000000000                       122368855                                                    06210812          COMPE                     0000000004708                                                              00000000000000000000000000000000000470800000000000000000000000000                          H5        20120821                                                          000046
1            C0000000000                       122368855                                                    28210812          COMPE                     0000000000120                                                              00000000000000000000000000000000000470800000000000000000000000000                          B3        20120821                                                          000047
1            C0000000000                       122406137                                                    06210812          COMPE                     0000000004490                                                              00000000000000000000000000000000000449000000000000000000000000000                          H5        20120821                                                          000048
1            C0000000000                       122406137                                                    28210812          COMPE                     0000000000120                                                              00000000000000000000000000000000000449000000000000000000000000000                          B3        20120821                                                          000049
1            C0000000000                       122335558                                                    06210812          COMPE                     0000000005070                                                              00000000000000000000000000000000000507000000000000000000000000000                          H5        20120821                                                          000050
1            C0000000000                       122335558                                                    28210812          COMPE                     0000000000120                                                              00000000000000000000000000000000000507000000000000000000000000000                          B3        20120821                                                          000051
9274801306                                                                                                                                                                                                                                                                                                                                                                                                000052
