00100000         2061345960001070010991450014       0079430000000301698 ASSIS & SOARES LTDA ME        BANCO DO BRASIL                         22901200702560500052203000000931689115PROCESSAMEN                                                 
00100011T0100020 20061345960001070010991450014       0079430000000301698 ASSIS & SOARES LTDA ME                                                                                        000000002901200700000000  000000000                      
0010001300001T 060079430000000301698 10991450000000001   1               00000000000000000000195001007943                         0900000000000000000000000000000000000000000000000000000   000000000000000000000020300        180271099145     
0010001300002U 060000000000000000000000000000000000000000000000000000000000000000000000001950000000000000000000000000000000000000000000002901200731012007            000000000000000                              000                           
00100015         000004000000000000000000000000000000000000000000000000000000000000000000000000000000000000000000000000000000000000000000000000000                                                                                              
00199999         000001000006000000                                                                                                                                                            00000000000000000000000000000                    
