10400000         2118028750001230000000000000000000000184836469200000000POWERNET SOLUTIONS LTDA   ME  C ECON FEDERAL                          22101201303570800000204000000                    RETORNO-PRODUCAO                  000            
10400011T0100030 20118028750001230000000000000000000000184836469200000000POWERNET SOLUTIONS LTDA   ME                                                                                  00000002210120130000000000                          00   
1040001300001T 060000003646920000000   240000000000100092100000000000000023012013000000000000450033043770000000000000000          090000000000000000                                                  000000000000295040101                     
1040001300002U 06000000000000000000000000000000000000000000000000000000000000000000000000450000000000000450000000000000000000000000000000210120132201201300002201201300000000000000000000000000000000000000000000000000000000000000000000       
1040001300003T 060000003646920000000   240000000000100076100000000000000021012013000000000000250033043770000000000000000          090000000000000000                                                  000000000000295040101                     
1040001300004U 06000000000000000000000000000000000000000000000000000000000000000000000000250000000000000250000000000000000000000000000000210120132201201300002201201300000000000000000000000000000000000000000000000000000000000000000000       
1040001300005T 060000003646920000000   240000000000100084100000000000000022012013000000000000350000001840000000000000000          090000000000000000                                                  000000000000065060101                     
1040001300006U 06000000000000000000000000000000000000000000000000000000000000000000000000350000000000000350000000000000000000000000000000210120132201201300002201201300000000000000000000000000000000000000000000000000000000000000000000       
10400015         00000800000000000000000000000000000000000000000000000000000000000000000000000000000000000000000000                                                                                                                             
10499999         000001000010                                                                                                                                                                                                                   
