A127168               PROSERVER TELECOMUNI001BANCO DO BRASIL S.A.2012062000001104DEBITO AUTOMATICO                                                    
E00100000000001000000000011377000000000202062012081800000000000300103000000000000037                                            X                    1
E00100000000001000000000011377000000000202062012071900000000000011303000000000000046                                            X                    1
Z00000400000000000003114                                                                                                                              
