01REMESSA01COBRANCA       00000000000000000000CONECTLAN SOLUCOES TECNOLOGICA237BRADESCO       110512        MX0000024                                                                                                                                                                                                                                                                                     000001
100000 00000000000000009001351263456100000000000000000000014580002000000000000034800000000002            0  01000000003411061200000000050000000000000N110512000000000000000000000000000000000000000000000000000000000000000100058685995191JOSE WILTON RODRIGUES LEAO              AV RIO GRANDE DO SUL, 2517 - ESQ. COM A             77403070                                                            000002
100000 00000000000000009001351263456100000000000000000000014580002000000000000035600000000002            0  01000000003511071200000000050000000000000N110512000000000000000000000000000000000000000000000000000000000000000100058685995191JOSE WILTON RODRIGUES LEAO              AV RIO GRANDE DO SUL, 2517 - ESQ. COM A             77403070                                                            000003
100000 00000000000000009001351263456100000000000000000000014580002000000000000036400000000002            0  01000000003611081200000000050000000000000N110512000000000000000000000000000000000000000000000000000000000000000100058685995191JOSE WILTON RODRIGUES LEAO              AV RIO GRANDE DO SUL, 2517 - ESQ. COM A             77403070                                                            000004
9                                                                                                                                                                                                                                                                                                                                                                                                         000005
