01REMESSA01COBRANCA       0130608411698000140                               748SICREDI        20120609        0000136                                                                                                                                                                                                                                                                                 2.00000001
9174801306                                                                                                                                                                                                                                                                                                                                                                                                000002
