A14512                CONECTLAN - SOLUCOES748SICREDI             2012050900000105DEBITO AUTOMATICO                                                    
E001000000000010000000000945235431          2012053100000000000100003000000000000001                                             1006134596000107    0
E001000000000010000000000945235431          2012063000000000000100003000000000000002                                             1006134596000107    0
E001000000000010000000000945235431          2012073100000000000100003000000000000003                                             1006134596000107    0
Z00000500000000000003000                                                                                                                              
