01REMESSA01COBRANÇA       44470000027839      CNTSISTEMAS LTDA ME           756BANCOOBCED     1902130000003                                                                                                                                                                                                                                                                                               000001
1020841169800014044470000200328000000                         0000000001130100   A   0000000000000000     010211        291112000000000500075644470010271112010100990002200010000000000000000000900000000000000000000000000208411698000140CNTSISTEMAS LTDA ME                     RUA TENENTE JUNG, N534SALA 02        CENTRO         98960000SANTO CRISTO   RSCNTSISTEMAS LTDA ME 08.411.698/0001-40  15 000002
9                                                                                                                                                                                                 PAGAR ATE O VENCIMENTO.                 PAGAR ATE O VENCIMENTO 2.               PAGAR ATE O VENCIMENTO 3.               PAGAR ATE O VENCIMENTO 4.               PAGAR ATE O VENCIMENTO 5.               000003
