01REMESSA01COBRANCA       00000000000000000000PROSERVER TELECOMUNICACOES LTD237BRADESCO       300512        MX0000001                                                                                                                                                                                                                                                                                     000001
100000 00000000000000009011111054415300000000000000000000059310002020000000000001100000000002            0  01000000000110061200000000008690000000000N260512000000000000000030000000000000000000000000000000000000000000000100002197484117EU, EU MESMO E IRENE                    AVENIDA GOIAS,  - SETOR CENTRALGURUPI-TO            77410010COBRAR MULTA DE $VALORMULTA APOS O VENCIMENTO               000002
100000 00000000000000009011111054415300000000000000000000000020002020000000000002P00000000002            0  01000000000220061200000000011590000000000N260512000000000000000040000000000000000000000000000000000000000000000100000942763076CHARLES THIELE                          RUA TENENTE JUNG, 534 - CENROSANTO CRIST            98960000COBRAR MULTA DE $VALORMULTA APOS O VENCIMENTO               000003
9                                                                                                                                                                                                                                                                                                                                                                                                         000004
