A127168               PROSERVER TELECOMUNI001BANCO DO BRASIL S.A.2012061900001004DEBITO AUTOMATICO                                                    
E00100000000001000000000011377000000000202062012071900000000000011303000000000000046                                            X                    1
Z00000300000000000000113                                                                                                                              
