01REMESSA01COBRANCA       44470000027839      PROSERVER TELECOMUNICACOES LTD756BANCOOBCED     1011120000001                                                                                                                                                                                                                                                                                               000001
1020841169800014044470000200328000000                         0000000000100100   A   0000000000000000     01011         231212000000000010075644470010231012010100990002200010000000000000000000000000000000000000000000000100001675564019ANA ELENA PERSCH COLLING                LINHA BONITA NORTE, NS/N             INTERIOR       97920000SAO PEDRO DO BURSANA ELENA PERSCH COLLING 016.755.640-19 15 000002
1020841169800014044470000200328000000                         0000000000270100   A   0000000000000000     01012         231112000000000500075644470010231012010100990002200010000000000000000000000000000000000000000000000208411698000140PROSERVER TELECOMUNICACOES LTDA         RUA TENENTE JUNG, N534SALA 02        CENTRO         98960000SANTO CRISTO   RSPROSERVER TELECOMUNICACOES LTDA 08.411.615 000003
1020841169800014044470000200328000000                         0000000000340100   A   0000000000000000     01013         231212000000000500075644470010231012010100990002200010000000000000000000000000000000000000000000000208411698000140PROSERVER TELECOMUNICACOES LTDA         RUA TENENTE JUNG, N534SALA 02        CENTRO         98960000SANTO CRISTO   RSPROSERVER TELECOMUNICACOES LTDA 08.411.615 000004
1020841169800014044470000200328000000                         0000000000410100   A   0000000000000000     01014         230113000000000500075644470010231012010100990002200010000000000000000000000000000000000000000000000208411698000140PROSERVER TELECOMUNICACOES LTDA         RUA TENENTE JUNG, N534SALA 02        CENTRO         98960000SANTO CRISTO   RSPROSERVER TELECOMUNICACOES LTDA 08.411.615 000005
1020841169800014044470000200328000000                         0000000000590100   A   0000000000000000     01015         230213000000000500075644470010231012010100990002200010000000000000000000000000000000000000000000000208411698000140PROSERVER TELECOMUNICACOES LTDA         RUA TENENTE JUNG, N534SALA 02        CENTRO         98960000SANTO CRISTO   RSPROSERVER TELECOMUNICACOES LTDA 08.411.615 000006
1020841169800014044470000200328000000                         0000000000660100   A   0000000000000000     01016         061212000000000500075644470010061112010100990002200010000000000000000000000000000000000000000000000100070374538034DERCI TERESINHA SIMON                   RUA CASTELO BRANCO, N911             CENTRO         98950000ALECRIM        RSDERCI TERESINHA SIMON 703.745.380-34    15 000007
1020841169800014044470000200328000000                         0000000000730100   A   0000000000000000     01017         060113000000000500075644470010061112010100990002200010000000000000000000000000000000000000000000000100070374538034DERCI TERESINHA SIMON                   RUA CASTELO BRANCO, N911             CENTRO         98950000ALECRIM        RSDERCI TERESINHA SIMON 703.745.380-34    15 000008
1020841169800014044470000200328000000                         0000000000800100   A   0000000000000000     01018         060213000000000500075644470010061112010100990002200010000000000000000000000000000000000000000000000100070374538034DERCI TERESINHA SIMON                   RUA CASTELO BRANCO, N911             CENTRO         98950000ALECRIM        RSDERCI TERESINHA SIMON 703.745.380-34    15 000009
9                                                                                                                                                                                                 PAGAR ATE O VENCIMENTO.                 PAGAR ATE O VENCIMENTO 2.               PAGAR ATE O VENCIMENTO 3.               PAGAR ATE O VENCIMENTO 4.               PAGAR ATE O VENCIMENTO 5.               000010
