03300000        2008411698000140001400002085283                         PROSERVER TELECOMUNICACOES LTDBANCO SANTANDER                         108052013      000001040                                                                          
03300011R01  030 2008411698000140                    001400002085283     PROSERVER TELECOMUNICACOES LTD                                                                                0000000108052013                                         
0330001300001P 010014001300444500130044450  0000000000019121  1              0806201300000000000250000000 02N080520132080620130000000000000000000000000000000000000000000000000000000000000000000000000000000000000000000001000200000           
0330001300002Q 012008411698000140PROSERVER TELECOMUNICACOES LTDA         RUA TENENTE JUNG, N534, SALA 02        CENTRO         98960000SANTO CRISTO   RS0000000000000000                                        000000000000                   
0330001300003R 01000000000000000000000000                        208062013000000000000000                                                                                                                                                       
0330001300004S 011014                                                                                                                                                                                                                           
0330001300005P 010014001300444500130044450  0000000000027121  2              0807201300000000000250000000 02N080520132080720130000000000000000000000000000000000000000000000000000000000000000000000000000000000000000000002000200000           
0330001300006Q 012008411698000140PROSERVER TELECOMUNICACOES LTDA         RUA TENENTE JUNG, N534, SALA 02        CENTRO         98960000SANTO CRISTO   RS0000000000000000                                        000000000000                   
0330001300007R 01000000000000000000000000                        208072013000000000000000                                                                                                                                                       
0330001300008S 011014                                                                                                                                                                                                                           
0330001300009P 010014001300444500130044450  0000000000035121  3              0808201300000000000250000000 02N080520132080820130000000000000000000000000000000000000000000000000000000000000000000000000000000000000000000003000200000           
0330001300010Q 012008411698000140PROSERVER TELECOMUNICACOES LTDA         RUA TENENTE JUNG, N534, SALA 02        CENTRO         98960000SANTO CRISTO   RS0000000000000000                                        000000000000                   
0330001300011R 01000000000000000000000000                        208082013000000000000000                                                                                                                                                       
0330001300012S 011014                                                                                                                                                                                                                           
0330001300013P 010014001300444500130044450  0000000000043121  4              0809201300000000000250000000 02N080520132080920130000000000000000000000000000000000000000000000000000000000000000000000000000000000000000000004000200000           
0330001300014Q 012008411698000140PROSERVER TELECOMUNICACOES LTDA         RUA TENENTE JUNG, N534, SALA 02        CENTRO         98960000SANTO CRISTO   RS0000000000000000                                        000000000000                   
0330001300015R 01000000000000000000000000                        208092013000000000000000                                                                                                                                                       
0330001300016S 011014                                                                                                                                                                                                                           
03300015         000018                                                                                                                                                                                                                         
03399999         000001000020                                                                                                                                                                                                                   
