01REMESSA01COBRANCA       0000006134596000107                               748SICREDI        20130316        0000002                                                                                                                                                                                                                                                                                 2.00000001
1A A            AAA                            013000039      20130316 N  0000    00000000000200            0600130000391205130000000010000         J 120313000000000000000330000000000000000000000000000000000000000000002063887756000114SOCIEDADE CIVIL INTEGRADA MADRE CELESTE RODOVIA BR-316 - DO KM 2,500 AO KM 4,30000000000000 6711000000000                                                       000002
2           013000039                                                                                                                                                                                                                                                                                                                                0013000039                                           000003
5E000000013000039 A01                                                                                02                                                                                03                                                                                04                                                                                                                               000004
1A A            AAA                            013000047      20130316 N  0000    00000000000200            0600130000471206130000000010000         J 120313000000000000000330000000000000000000000000000000000000000000002063887756000114SOCIEDADE CIVIL INTEGRADA MADRE CELESTE RODOVIA BR-316 - DO KM 2,500 AO KM 4,30000000000000 6711000000000                                                       000005
2           013000047                                                                                                                                                                                                                                                                                                                                0013000047                                           000006
5E000000013000047 A01                                                                                02                                                                                03                                                                                04                                                                                                                               000007
1A A            AAA                            013000055      20130316 N  0000    00000000000200            0600130000551207130000000010000         J 120313000000000000000330000000000000000000000000000000000000000000002063887756000114SOCIEDADE CIVIL INTEGRADA MADRE CELESTE RODOVIA BR-316 - DO KM 2,500 AO KM 4,30000000000000 6711000000000                                                       000008
2           013000055                                                                                                                                                                                                                                                                                                                                0013000055                                           000009
5E000000013000055 A01                                                                                02                                                                                03                                                                                04                                                                                                                               000010
1A A            AAA                            013000071      20130316 N  0000    00000000000200            0600130000711209130000000010000         J 120313000000000000000330000000000000000000000000000000000000000000002063887756000114SOCIEDADE CIVIL INTEGRADA MADRE CELESTE RODOVIA BR-316 - DO KM 2,500 AO KM 4,30000000000000 6711000000000                                                       000011
2           013000071                                                                                                                                                                                                                                                                                                                                0013000071                                           000012
5E000000013000071 A01                                                                                02                                                                                03                                                                                04                                                                                                                               000013
1A A            AAA                            013000080      20130316 N  0000    00000000000200            0600130000801210130000000010000         J 120313000000000000000330000000000000000000000000000000000000000000002063887756000114SOCIEDADE CIVIL INTEGRADA MADRE CELESTE RODOVIA BR-316 - DO KM 2,500 AO KM 4,30000000000000 6711000000000                                                       000014
2           013000080                                                                                                                                                                                                                                                                                                                                0013000080                                           000015
5E000000013000080 A01                                                                                02                                                                                03                                                                                04                                                                                                                               000016
1A A            AAA                            013000098      20130316 N  0000    00000000000200            0600130000981211130000000010000         J 120313000000000000000330000000000000000000000000000000000000000000002063887756000114SOCIEDADE CIVIL INTEGRADA MADRE CELESTE RODOVIA BR-316 - DO KM 2,500 AO KM 4,30000000000000 6711000000000                                                       000017
2           013000098                                                                                                                                                                                                                                                                                                                                0013000098                                           000018
5E000000013000098 A01                                                                                02                                                                                03                                                                                04                                                                                                                               000019
1A A            AAA                            013000101      20130316 N  0000    00000000000200            0600130001011212130000000010000         J 120313000000000000000330000000000000000000000000000000000000000000002063887756000114SOCIEDADE CIVIL INTEGRADA MADRE CELESTE RODOVIA BR-316 - DO KM 2,500 AO KM 4,30000000000000 6711000000000                                                       000020
2           013000101                                                                                                                                                                                                                                                                                                                                0013000101                                           000021
5E000000013000101 A01                                                                                02                                                                                03                                                                                04                                                                                                                               000022
1A A            AAA                            013000110      20130316 N  0000    00000000000200            0600130001101201140000000010000         J 120313000000000000000330000000000000000000000000000000000000000000002063887756000114SOCIEDADE CIVIL INTEGRADA MADRE CELESTE RODOVIA BR-316 - DO KM 2,500 AO KM 4,30000000000000 6711000000000                                                       000023
2           013000110                                                                                                                                                                                                                                                                                                                                0013000110                                           000024
5E000000013000110 A01                                                                                02                                                                                03                                                                                04                                                                                                                               000025
1A A            AAA                            013000128      20130316 N  0000    00000000000200            0100130001281604130000000002000         J 160313000000000000000070000000000000000000000000000000000000000000001000002197484117EU, EU MESMO & IRENE                    AVENIDA GOIAS, N2355, SETOR CENTRAL     00000000000 7741001000000                                                       000026
2           013000128                                                                                                                                                                                                                                                                                                                                0013000128                                           000027
5E000000013000128 A01                                                                                02                                                                                03                                                                                04                                                                                                                               000028
1A A            AAA                            013000136      20130316 N  0000    00000000000200            0100130001361605130000000002000         J 160313000000000000000070000000000000000000000000000000000000000000001000002197484117EU, EU MESMO & IRENE                    AVENIDA GOIAS, N2355, SETOR CENTRAL     00000000000 7741001000000                                                       000029
2           013000136                                                                                                                                                                                                                                                                                                                                0013000136                                           000030
5E000000013000136 A01                                                                                02                                                                                03                                                                                04                                                                                                                               000031
1A A            AAA                            013000144      20130316 N  0000    00000000000200            0100130001441606130000000002000         J 160313000000000000000070000000000000000000000000000000000000000000001000002197484117EU, EU MESMO & IRENE                    AVENIDA GOIAS, N2355, SETOR CENTRAL     00000000000 7741001000000                                                       000032
2           013000144                                                                                                                                                                                                                                                                                                                                0013000144                                           000033
5E000000013000144 A01                                                                                02                                                                                03                                                                                04                                                                                                                               000034
1A A            AAA                            013000152      20130316 N  0000    00000000000200            0100130001521607130000000002000         J 160313000000000000000070000000000000000000000000000000000000000000001000002197484117EU, EU MESMO & IRENE                    AVENIDA GOIAS, N2355, SETOR CENTRAL     00000000000 7741001000000                                                       000035
2           013000152                                                                                                                                                                                                                                                                                                                                0013000152                                           000036
5E000000013000152 A01                                                                                02                                                                                03                                                                                04                                                                                                                               000037
1A A            AAA                            013000160      20130316 N  0000    00000000000200            0100130001601608130000000002000         J 160313000000000000000070000000000000000000000000000000000000000000001000002197484117EU, EU MESMO & IRENE                    AVENIDA GOIAS, N2355, SETOR CENTRAL     00000000000 7741001000000                                                       000038
2           013000160                                                                                                                                                                                                                                                                                                                                0013000160                                           000039
5E000000013000160 A01                                                                                02                                                                                03                                                                                04                                                                                                                               000040
1A A            AAA                            013000179      20130316 N  0000    00000000000200            0100130001791609130000000002000         J 160313000000000000000070000000000000000000000000000000000000000000001000002197484117EU, EU MESMO & IRENE                    AVENIDA GOIAS, N2355, SETOR CENTRAL     00000000000 7741001000000                                                       000041
2           013000179                                                                                                                                                                                                                                                                                                                                0013000179                                           000042
5E000000013000179 A01                                                                                02                                                                                03                                                                                04                                                                                                                               000043
1A A            AAA                            013000187      20130316 N  0000    00000000000200            0100130001871610130000000002000         J 160313000000000000000070000000000000000000000000000000000000000000001000002197484117EU, EU MESMO & IRENE                    AVENIDA GOIAS, N2355, SETOR CENTRAL     00000000000 7741001000000                                                       000044
2           013000187                                                                                                                                                                                                                                                                                                                                0013000187                                           000045
5E000000013000187 A01                                                                                02                                                                                03                                                                                04                                                                                                                               000046
1A A            AAA                            013000195      20130316 N  0000    00000000000200            0100130001951611130000000002000         J 160313000000000000000070000000000000000000000000000000000000000000001000002197484117EU, EU MESMO & IRENE                    AVENIDA GOIAS, N2355, SETOR CENTRAL     00000000000 7741001000000                                                       000047
2           013000195                                                                                                                                                                                                                                                                                                                                0013000195                                           000048
5E000000013000195 A01                                                                                02                                                                                03                                                                                04                                                                                                                               000049
1A A            AAA                            013000209      20130316 N  0000    00000000000200            0100130002091612130000000002000         J 160313000000000000000070000000000000000000000000000000000000000000001000002197484117EU, EU MESMO & IRENE                    AVENIDA GOIAS, N2355, SETOR CENTRAL     00000000000 7741001000000                                                       000050
2           013000209                                                                                                                                                                                                                                                                                                                                0013000209                                           000051
5E000000013000209 A01                                                                                02                                                                                03                                                                                04                                                                                                                               000052
1A A            AAA                            013000217      20130316 N  0000    00000000000200            0100130002171601140000000002000         J 160313000000000000000070000000000000000000000000000000000000000000001000002197484117EU, EU MESMO & IRENE                    AVENIDA GOIAS, N2355, SETOR CENTRAL     00000000000 7741001000000                                                       000053
2           013000217                                                                                                                                                                                                                                                                                                                                0013000217                                           000054
5E000000013000217 A01                                                                                02                                                                                03                                                                                04                                                                                                                               000055
9174800000                                                                                                                                                                                                                                                                                                                                                                                                000056
