A1027168              ASSISNET            001BANCO DO BRASIL S.A.2012031600000104DEBITO AUTOMATICO                                                    
E0010000000000100000000002123 000000000005672012041600000000000520003000000000000008                                            X                    0
E0010000000000100000000002123 000000000005672012051600000000000520003000000000000009                                            X                    0
Z00000400000000000010400                                                                                                                              
