A1607                 PROSERVER TELECOMUNI748SICREDI             2012112700000605DEBITO AUTOMATICO                                                    
E001000000062840000000000105200521411       2012121000000000000200003000000000000051                                             2000002197484117    0
Z00000300000000000002000                                                                                                                              
