01REMESSA01COBRANCA       00000000000000000000PROSERVER TELECOMUNICACOES LTD237BRADESCO       210612        MX0000001                                                                                                                                                                                                                                                                                     000001
100000 00000000000000000000000000000000000000000000000000000120002000000000000000000000000000            0  010000000001140712000000000050000000000000140612000000000000000000000000000000000000000000000000000000000000000100002413988009LUIZE GUMISSON HEINECK                  BECO ALBINO BINTSFFELDT, 11 - CENTROSANT            98960000                                                            000002
100000 00000000000000000000000000000000000000000000000000000120002000000000000000000000000000            0  010000000002140812000000000050000000000000140612000000000000000000000000000000000000000000000000000000000000000100002413988009LUIZE GUMISSON HEINECK                  BECO ALBINO BINTSFFELDT, 11 - CENTROSANT            98960000                                                            000003
100000 00000000000000000000000000000000000000000000000000015000002000000000000000000000000000            0  010000000010140113000000000753100000000000140612000000000000000000000000000000000000000000000000000000000000000100095074481015SERGIO MOACIR MORSCHBACHER KRAMER       RUA JOAO WAGNER, 555 - SANTO ANTONIOCERR            97900000                                                            000004
100000 00000000000000000000000000000000000000000000000000015000002000000000000000000000000000            0  010000000011140213000000000753100000000000140612000000000000000000000000000000000000000000000000000000000000000100095074481015SERGIO MOACIR MORSCHBACHER KRAMER       RUA JOAO WAGNER, 555 - SANTO ANTONIOCERR            97900000                                                            000005
100000 00000000000000000000000000000000000000000000000000015000002000000000000000000000000000            0  010000000012140313000000000753100000000000140612000000000000000000000000000000000000000000000000000000000000000100095074481015SERGIO MOACIR MORSCHBACHER KRAMER       RUA JOAO WAGNER, 555 - SANTO ANTONIOCERR            97900000                                                            000006
100000 00000000000000000000000000000000000000000000000000015000002000000000000000000000000000            0  010000000013140413000000000753100000000000140612000000000000000000000000000000000000000000000000000000000000000100095074481015SERGIO MOACIR MORSCHBACHER KRAMER       RUA JOAO WAGNER, 555 - SANTO ANTONIOCERR            97900000                                                            000007
100000 00000000000000000000000000000000000000000000000000015000002000000000000000000000000000            0  010000000015140613000000000753100000000000140612000000000000000000000000000000000000000000000000000000000000000100095074481015SERGIO MOACIR MORSCHBACHER KRAMER       RUA JOAO WAGNER, 555 - SANTO ANTONIOCERR            97900000                                                            000008
100000 00000000000000000000000000000000000000000000000000015000002000000000000000000000000000            0  010000000016140713000000000753100000000000140612000000000000000000000000000000000000000000000000000000000000000100095074481015SERGIO MOACIR MORSCHBACHER KRAMER       RUA JOAO WAGNER, 555 - SANTO ANTONIOCERR            97900000                                                            000009
100000 00000000000000000000000000000000000000000000000000015000002000000000000000000000000000            0  010000000017140813000000000753100000000000140612000000000000000000000000000000000000000000000000000000000000000100095074481015SERGIO MOACIR MORSCHBACHER KRAMER       RUA JOAO WAGNER, 555 - SANTO ANTONIOCERR            97900000                                                            000010
100000 00000000000000000000000000000000000000000000000000015000002000000000000000000000000000            0  010000000018140913000000000753100000000000140612000000000000000000000000000000000000000000000000000000000000000100095074481015SERGIO MOACIR MORSCHBACHER KRAMER       RUA JOAO WAGNER, 555 - SANTO ANTONIOCERR            97900000                                                            000011
100000 00000000000000000000000000000000000000000000000000015000002000000000000000000000000000            0  010000000021141213000000000753100000000000140612000000000000000000000000000000000000000000000000000000000000000100095074481015SERGIO MOACIR MORSCHBACHER KRAMER       RUA JOAO WAGNER, 555 - SANTO ANTONIOCERR            97900000                                                            000012
100000 00000000000000000000000000000000000000000000000000015000002000000000000000000000000000            0  010000000022140114000000000753100000000000140612000000000000000000000000000000000000000000000000000000000000000100095074481015SERGIO MOACIR MORSCHBACHER KRAMER       RUA JOAO WAGNER, 555 - SANTO ANTONIOCERR            97900000                                                            000013
100000 00000000000000000000000000000000000000000000000000015000002000000000000000000000000000            0  010000000023140214000000000753100000000000140612000000000000000000000000000000000000000000000000000000000000000100095074481015SERGIO MOACIR MORSCHBACHER KRAMER       RUA JOAO WAGNER, 555 - SANTO ANTONIOCERR            97900000                                                            000014
100000 00000000000000000000000000000000000000000000000000015000002000000000000000000000000000            0  010000000024140314000000000753100000000000140612000000000000000000000000000000000000000000000000000000000000000100095074481015SERGIO MOACIR MORSCHBACHER KRAMER       RUA JOAO WAGNER, 555 - SANTO ANTONIOCERR            97900000                                                            000015
100000 00000000000000000000000000000000000000000000000000015000002000000000000000000000000000            0  010000000025140414000000000753100000000000140612000000000000000000000000000000000000000000000000000000000000000100095074481015SERGIO MOACIR MORSCHBACHER KRAMER       RUA JOAO WAGNER, 555 - SANTO ANTONIOCERR            97900000                                                            000016
100000 00000000000000000000000000000000000000000000000000015000002000000000000000000000000000            0  010000000026140514000000000753100000000000140612000000000000000000000000000000000000000000000000000000000000000100095074481015SERGIO MOACIR MORSCHBACHER KRAMER       RUA JOAO WAGNER, 555 - SANTO ANTONIOCERR            97900000                                                            000017
100000 00000000000000000000000000000000000000000000000000015000002000000000000000000000000000            0  010000000027140614000000000753100000000000140612000000000000000000000000000000000000000000000000000000000000000100095074481015SERGIO MOACIR MORSCHBACHER KRAMER       RUA JOAO WAGNER, 555 - SANTO ANTONIOCERR            97900000                                                            000018
9                                                                                                                                                                                                                                                                                                                                                                                                         000019
