01REMESSA01COBRANCA       44470000027839      PROSERVER TELECOMUNICACOES LTD756BANCOOBCED     2711120000002                                                                                                                                                                                                                                                                                               000001
1020841169800014044470000200328000000                         0000000000980100   A   0000000000000000     01019         071212000000001378475644470010211112010100990002200010000000000000000000000000000000000000000000000100064759989072JACI MONBACH                            RUA JOAO MAGALHAES, N336             CENTRO         98970000CANDIDO GODOI  RSJACI MONBACH 647.599.890-72             15 000002
1020841169800014044470000200328000000                         0000000001170100   A   0000000000000000     010111        271212000000000500075644470010271112010100990002200010000000000000000000000000000000000000000000000208411698000140PROSERVER TELECOMUNICACOES LTDA - RS    RUA TENENTE JUNG, N534SALA 02        CENTRO         98960000SANTO CRISTO   RSPROSERVER TELECOMUNICACOES LTDA - RS 08.15 000003
1020841169800014044470000200328000000                         0000000001240100   A   0000000000000000     010112        270113000000000500075644470010271112010100990002200010000000000000000000000000000000000000000000000208411698000140PROSERVER TELECOMUNICACOES LTDA - RS    RUA TENENTE JUNG, N534SALA 02        CENTRO         98960000SANTO CRISTO   RSPROSERVER TELECOMUNICACOES LTDA - RS 08.15 000004
9                                                                                                                                                                                                 PAGAR ATE O VENCIMENTO.                 PAGAR ATE O VENCIMENTO 2.               PAGAR ATE O VENCIMENTO 3.               PAGAR ATE O VENCIMENTO 4.               PAGAR ATE O VENCIMENTO 5.               000005
