01REMESSA01COBRANCA       0000006134596000107                               748SICREDI        20120512        0000002                                                                                                                                                                                                                                                                                 2.00000001
1A A            AAA                            012000116      20120512 N  0000    00000000000000            0100120001161505120000000001000         J 120512000000000000000000000000000000000000000000000000000000000000002006134596000107CONECTLAN SOLUCOES TECNOLOGICAS LTDA ME AV MATO GROSSO, N1842TERREO, GURUPI - TO00000000000 7740302000000                                                       000002
2           012000116                                                                                                                                                                                                                                                                                                                                0012000116                                           000003
5E000000012000116 A01                                                                                02                                                                                03                                                                                04                                                                                                                               000004
1A A            AAA                            012000124      20120512 N  0000    00000000000000            0100120001241506120000000001000         J 120512000000000000000000000000000000000000000000000000000000000000002006134596000107CONECTLAN SOLUCOES TECNOLOGICAS LTDA ME AV MATO GROSSO, N1842TERREO, GURUPI - TO00000000000 7740302000000                                                       000005
2           012000124                                                                                                                                                                                                                                                                                                                                0012000124                                           000006
5E000000012000124 A01                                                                                02                                                                                03                                                                                04                                                                                                                               000007
1A A            AAA                            012000132      20120512 N  0000    00000000000000            0100120001321507120000000001000         J 120512000000000000000000000000000000000000000000000000000000000000002006134596000107CONECTLAN SOLUCOES TECNOLOGICAS LTDA ME AV MATO GROSSO, N1842TERREO, GURUPI - TO00000000000 7740302000000                                                       000008
2           012000132                                                                                                                                                                                                                                                                                                                                0012000132                                           000009
5E000000012000132 A01                                                                                02                                                                                03                                                                                04                                                                                                                               000010
1A A            AAA                            012000019      20120512 N  0000    00000000000000            0100120000192505120000000001000         J 120512000000000000000000000000000000000000000000000000000000000000002006134596000107CONECTLAN SOLUCOES TECNOLOGICAS LTDA ME AV MATO GROSSO, N1842TERREO, GURUPI - TO00000000000 7740302000000                                                       000011
2           012000019                                                                                                                                                                                                                                                                                                                                0012000019                                           000012
5E000000012000019 A01                                                                                02                                                                                03                                                                                04                                                                                                                               000013
1A A            AAA                            012000027      20120512 N  0000    00000000000000            0100120000272506120000000001000         J 120512000000000000000000000000000000000000000000000000000000000000002006134596000107CONECTLAN SOLUCOES TECNOLOGICAS LTDA ME AV MATO GROSSO, N1842TERREO, GURUPI - TO00000000000 7740302000000                                                       000014
2           012000027                                                                                                                                                                                                                                                                                                                                0012000027                                           000015
5E000000012000027 A01                                                                                02                                                                                03                                                                                04                                                                                                                               000016
1A A            AAA                            012000035      20120512 N  0000    00000000000000            0100120000352507120000000001000         J 120512000000000000000000000000000000000000000000000000000000000000002006134596000107CONECTLAN SOLUCOES TECNOLOGICAS LTDA ME AV MATO GROSSO, N1842TERREO, GURUPI - TO00000000000 7740302000000                                                       000017
2           012000035                                                                                                                                                                                                                                                                                                                                0012000035                                           000018
5E000000012000035 A01                                                                                02                                                                                03                                                                                04                                                                                                                               000019
1A A            AAA                            012000043      20120512 N  0000    00000000000000            0100120000432508120000000001000         J 120512000000000000000000000000000000000000000000000000000000000000002006134596000107CONECTLAN SOLUCOES TECNOLOGICAS LTDA ME AV MATO GROSSO, N1842TERREO, GURUPI - TO00000000000 7740302000000                                                       000020
2           012000043                                                                                                                                                                                                                                                                                                                                0012000043                                           000021
5E000000012000043 A01                                                                                02                                                                                03                                                                                04                                                                                                                               000022
9174800000                                                                                                                                                                                                                                                                                                                                                                                                000023
