A1607                 PROSERVER TELECOMUNI748SICREDI             2012061800000305DEBITO AUTOMATICO                                                    
E0010000000000900000000003030743225         2012070200000000000500003000000000000009                                             2000000234666005    0
Z00000300000000000005000                                                                                                                              
