03300000        2006134596000107000000000000000                         CONECTLAN SOLUCOES TECNOLOGICABANCO SANTANDER                         112052012      000001040                                                                          
03300011R01  030 2006134596000107                    000000000000000     CONECTLAN SOLUCOES TECNOLOGICA                                                                                0000000112052012                                         
0330001300002Q 012006134596000107CONECTLAN SOLUCOES TECNOLOGICAS LTDA ME AV MATO GROSSO, Nº1842, TERREO          SETOR CENTRAL  77403020GURUPI         TO0000000000000000                                        000000000000                   
0330001300003R 01000000000000000000000000                        212062012000000000000000                                                                                                                                                       
0330001300004S 011014                                                                                                                                                                                                                           
0330001300006Q 012006134596000107CONECTLAN SOLUCOES TECNOLOGICAS LTDA ME AV MATO GROSSO, Nº1842, TERREO          SETOR CENTRAL  77403020GURUPI         TO0000000000000000                                        000000000000                   
0330001300007R 01000000000000000000000000                        212072012000000000000000                                                                                                                                                       
0330001300008S 011014                                                                                                                                                                                                                           
0330001300010Q 012006134596000107CONECTLAN SOLUCOES TECNOLOGICAS LTDA ME AV MATO GROSSO, Nº1842, TERREO          SETOR CENTRAL  77403020GURUPI         TO0000000000000000                                        000000000000                   
0330001300011R 01000000000000000000000000                        212082012000000000000000                                                                                                                                                       
0330001300012S 011014                                                                                                                                                                                                                           
03300015         000014                                                                                                                                                                                                                         
03399999         000001000016                                                                                                                                                                                                                   
