01REMESSA01COBRANCA       00000000000004155748CONECTLAN SOLUCOES TECNOLOGICA237BRADESCO       120512        MX0000002                                                                                                                                                                                                                                                                                     000001
100000 00000000000000009003160128681100000000000000000000000010002000000000000010000000000002            0  01000000001012061200000000010000000000001N120512000000000000000000000000000000000000000000000000000000000000000206134596000107CONECTLAN SOLUCOES TECNOLOGICAS LTDA ME AV MATO GROSSO, 1842 - TERREO - SETOR CE            77403020                                                            000002
100000 00000000000000009003160128681100000000000000000000000010002000000000000011900000000002            0  01000000001112071200000000010000000000001N120512000000000000000000000000000000000000000000000000000000000000000206134596000107CONECTLAN SOLUCOES TECNOLOGICAS LTDA ME AV MATO GROSSO, 1842 - TERREO - SETOR CE            77403020                                                            000003
100000 00000000000000009003160128681100000000000000000000000010002000000000000006200000000002            0  01000000000612071200000000010000000000001N120512000000000000000000000000000000000000000000000000000000000000000206134596000107CONECTLAN SOLUCOES TECNOLOGICAS LTDA ME AV MATO GROSSO, 1842 - TERREO - SETOR CE            77403020                                                            000004
9                                                                                                                                                                                                                                                                                                                                                                                                         000005
