00400000         2115001450001780036188270          0003610000000188270 VEXNET TELECON INFORMATICA LTDBANCO DO NORDESTE DO BRASIL SA          22803201300000000031005001600                                                                     
00400011T01  020 20115001450001780036188270          0003610000000188270 VEXNET TELECON INFORMATICA LTD                                                                                000003102803201328032013                                 
0040001300001T 060003610000000188270 00500011            0               27032013000000000000310000000016                         091000011111111111COBRAN큐 SIMPLIFICADA                   00000000000000000000000000000000000                 
0040001300002U 060000000000000000000000000000000000000000000000000000000000000000000000003100000000000003100000000000000000000000000000002703201328032013            000000000000000                              00000000000000000000000       
0040001300003T 060003610000000188270 00500020            0               27032013000000000000320000000071                         091000011111111111COBRANCA SIMPLIFICADA                   00000000000000000000000000000000000                 
0040001300004U 060000000000000000000000000000000000000000000000000000000000000000000000003200000000000003200000000000000000000000000000002703201328032013            000000000000000                              00000000000000000000000       
0040001300005T 060003610000000188270 00500038            0               27032013000000000000330000000071                         091000011111111111COBRANCA SIMPLIFICADA                   00000000000000000000000000000000000                 
0040001300006U 060000000000000000000000000000000000000000000000000000000000000000000000003300000000000003300000000000000000000000000000002703201328032013            000000000000000                              00000000000000000000000       
0040001300007T 060003610000000188270 00500046            0               27032013000000000000340000000071                         091000011111111111COBRANCA SIMPLIFICADA                   00000000000000000000000000000000000                 
0040001300008U 060000000000000000000000000000000000000000000000000000000000000000000000003400000000000003400000000000000000000000000000002703201328032013            000000000000000                              00000000000000000000000       
0040001300009T 060003610000000188270 2026133021            0               27032013000000000004000000000071                         091000011111111111COBRANCA SIMPLIFICADA                   00000000000000000000000000000000000                 
0040001300010U 060000000000000000000000000000000000000000001600000000000000000000000000038400000000000038400000000000000000000000000000002703201328032013            000000000000000                              00000000000000000000000       
0040001300011T 060003610000000188270 2025235821            0               27032013000000000004800000000071                         091000011111111111COBRANCA SIMPLIFICADA                   00000000000000000000000000000000000                 
0040001300012U 060000000000000000000000000000000000000000000000000000000000000000000000048000000000000048000000000000000000000000000000002703201328032013            000000000000000                              00000000000000000000000       
0040001300013T 060003610000000188270 2025655821            0               27032013000000000004800000000071                         091000011111111111COBRANCA SIMPLIFICADA                   00000000000000000000000000000000000                 
0040001300014U 060000000000000000000000000000000000000000000000000000000000000000000000048000000000000048000000000000000000000000000000002703201328032013            000000000000000                              00000000000000000000000       
0040001300015T 060003610000000188270 2027435121            0               27032013000000000004800000000071                         091000011111111111COBRANCA SIMPLIFICADA                   00000000000000000000000000000000000                 
0040001300016U 060000000000000000000000000000000000000000000000000000000000000000000000048000000000000048000000000000000000000000000000002703201328032013            000000000000000                              00000000000000000000000       
0040001300017T 060003610000000188270 2025508021            0               27032013000000000005000000000071                         091000011111111111COBRANCA SIMPLIFICADA                   00000000000000000000000000000000000                 
0040001300018U 060000000000000000000000000000000000000000002000000000000000000000000000048000000000000048000000000000000000000000000000002703201328032013            000000000000000                              00000000000000000000000       
0040001300019T 060003610000000188270 2025613221            0               27032013000000000005000000000071                         091000011111111111COBRANCA SIMPLIFICADA                   00000000000000000000000000000000000                 
0040001300020U 060000000000000000000000000000000000000000002000000000000000000000000000048000000000000048000000000000000000000000000000002703201328032013            000000000000000                              00000000000000000000000       
0040001300021T 060003610000000188270 2025739221            0               27032013000000000005000000000071                         091000011111111111COBRANCA SIMPLIFICADA                   00000000000000000000000000000000000                 
0040001300022U 060000000000000000000000000000000000000000002000000000000000000000000000048000000000000048000000000000000000000000000000002703201328032013            000000000000000                              00000000000000000000000       
0040001300023T 060003610000000188270 2025788021            0               27032013000000000005000000000071                         091000011111111111COBRANCA SIMPLIFICADA                   00000000000000000000000000000000000                 
0040001300024U 060000000000000000000000000000000000000000002000000000000000000000000000048000000000000048000000000000000000000000000000002703201328032013            000000000000000                              00000000000000000000000       
0040001300025T 060003610000000188270 2026006721            0               27032013000000000005000000000071                         091000011111111111COBRANCA SIMPLIFICADA                   00000000000000000000000000000000000                 
0040001300026U 060000000000000000000000000000000000000000002000000000000000000000000000048000000000000048000000000000000000000000000000002703201328032013            000000000000000                              00000000000000000000000       
0040001300027T 060003610000000188270 2026062821            0               27032013000000000005000000000071                         091000011111111111COBRANCA SIMPLIFICADA                   00000000000000000000000000000000000                 
0040001300028U 060000000000000000000000000000000000000000002000000000000000000000000000048000000000000048000000000000000000000000000000002703201328032013            000000000000000                              00000000000000000000000       
0040001300029T 060003610000000188270 2026076821            0               27032013000000000005000000000071                         091000011111111111COBRANCA SIMPLIFICADA                   00000000000000000000000000000000000                 
0040001300030U 060000000000000000000000000000000000000000002000000000000000000000000000048000000000000048000000000000000000000000000000002703201328032013            000000000000000                              00000000000000000000000       
0040001300031T 060003610000000188270 2026151921            0               27032013000000000005000000000089                         091000011111111111COBRAN큐 SIMPLIFICADA                   00000000000000000000000000000000000                 
0040001300032U 060000000000010800000000000000000000000000000000000000000000000000000000060800000000000060800000000000000000000000000000002703201328032013            000000000000000                              00000000000000000000000       
0040001300033T 060003610000000188270 2026152721            0               27032013000000000005000000000089                         091000011111111111COBRAN큐 SIMPLIFICADA                   00000000000000000000000000000000000                 
0040001300034U 060000000000009300000000000000000000000000000000000000000000000000000000059300000000000059300000000000000000000000000000002703201328032013            000000000000000                              00000000000000000000000       
0040001300035T 060003610000000188270 2026637521            0               27032013000000000005000000000071                         091000011111111111COBRANCA SIMPLIFICADA                   00000000000000000000000000000000000                 
0040001300036U 060000000000000000000000000000000000000000002000000000000000000000000000048000000000000048000000000000000000000000000000002703201328032013            000000000000000                              00000000000000000000000       
0040001300037T 060003610000000188270 2026795921            0               27032013000000000005000000000071                         091000011111111111COBRANCA SIMPLIFICADA                   00000000000000000000000000000000000                 
0040001300038U 060000000000000000000000000000000000000000002000000000000000000000000000048000000000000048000000000000000000000000000000002703201328032013            000000000000000                              00000000000000000000000       
0040001300039T 060003610000000188270 2027299521            0               27032013000000000005000000000071                         091000011111111111COBRANCA SIMPLIFICADA                   00000000000000000000000000000000000                 
0040001300040U 060000000000000000000000000000000000000000002000000000000000000000000000048000000000000048000000000000000000000000000000002703201328032013            000000000000000                              00000000000000000000000       
0040001300041T 060003610000000188270 2027715621            0               27032013000000000005000000000071                         091000011111111111COBRANCA SIMPLIFICADA                   00000000000000000000000000000000000                 
0040001300042U 060000000000000000000000000000000000000000002000000000000000000000000000048000000000000048000000000000000000000000000000002703201328032013            000000000000000                              00000000000000000000000       
0040001300043T 060003610000000188270 2027906021            0               27032013000000000005000000000089                         091000011111111111COBRAN큐 SIMPLIFICADA                   00000000000000000000000000000000000                 
0040001300044U 060000000000003300000000000000000000000000000000000000000000000000000000053300000000000053300000000000000000000000000000002703201328032013            000000000000000                              00000000000000000000000       
0040001300045T 060003610000000188270 2028138221            0               27032013000000000005000000000071                         091000011111111111COBRANCA SIMPLIFICADA                   00000000000000000000000000000000000                 
0040001300046U 060000000000000000000000000000000000000000002000000000000000000000000000048000000000000048000000000000000000000000000000002703201328032013            000000000000000                              00000000000000000000000       
0040001300047T 060003610000000188270 2028273721            0               27032013000000000005000000000089                         091000011111111111COBRAN큐 SIMPLIFICADA                   00000000000000000000000000000000000                 
0040001300048U 060000000000009300000000000000000000000000000000000000000000000000000000059300000000000059300000000000000000000000000000002703201328032013            000000000000000                              00000000000000000000000       
0040001300049T 060003610000000188270 2028316421            0               27032013000000000005000000000071                         091000011111111111COBRANCA SIMPLIFICADA                   00000000000000000000000000000000000                 
0040001300050U 060000000000000000000000000000000000000000002000000000000000000000000000048000000000000048000000000000000000000000000000002703201328032013            000000000000000                              00000000000000000000000       
0040001300051T 060003610000000188270 2028538821            0               27032013000000000005000000000016                         091000011111111111COBRAN큐 SIMPLIFICADA                   00000000000000000000000000000000000                 
0040001300052U 060000000000000000000000000000000000000000002000000000000000000000000000048000000000000048000000000000000000000000000000002703201328032013            000000000000000                              00000000000000000000000       
0040001300053T 060003610000000188270 2028620121            0               27032013000000000005000000000071                         091000011111111111COBRANCA SIMPLIFICADA                   00000000000000000000000000000000000                 
0040001300054U 060000000000000000000000000000000000000000002000000000000000000000000000048000000000000048000000000000000000000000000000002703201328032013            000000000000000                              00000000000000000000000       
0040001300055T 060003610000000188270 40439526            0               27032013000000000005000000000071                         091000011111111111COBRANCA SIMPLIFICADA                   00000000000000000000000000000000000                 
0040001300056U 060000000000000000000000000000000000000000002500000000000000000000000000047500000000000047500000000000000000000000000000002703201328032013            000000000000000                              00000000000000000000000       
0040001300057T 060003610000000188270 40445755            0               27032013000000000005000000000036                         091000011111111111COBRAN큐 SIMPLIFICADA                   00000000000000000000000000000000000                 
0040001300058U 060000000000002050000000000000000000000000000000000000000000000000000000052050000000000052050000000000000000000000000000002703201328032013            000000000000000                              00000000000000000000000       
0040001300059T 060003610000000188270 40449777            0               27032013000000000005000000000071                         091000011111111111COBRANCA SIMPLIFICADA                   00000000000000000000000000000000000                 
0040001300060U 060000000000000000000000000000000000000000002500000000000000000000000000047500000000000047500000000000000000000000000000002703201328032013            000000000000000                              00000000000000000000000       
0040001300061T 060003610000000188270 40450970            0               27032013000000000005000000000071                         091000011111111111COBRANCA SIMPLIFICADA                   00000000000000000000000000000000000                 
0040001300062U 060000000000000000000000000000000000000000002500000000000000000000000000047500000000000047500000000000000000000000000000002703201328032013            000000000000000                              00000000000000000000000       
0040001300063T 060003610000000188270 2025599321            0               27032013000000000010000000000071                         091000011111111111COBRANCA SIMPLIFICADA                   00000000000000000000000000000000000                 
0040001300064U 060000000000000000000000000000000000000000004000000000000000000000000000096000000000000096000000000000000000000000000000002703201328032013            000000000000000                              00000000000000000000000       
0040001300065T 060003610000000188270 2025683321            0               27032013000000000030000000000071                         091000011111111111COBRANCA SIMPLIFICADA                   00000000000000000000000000000000000                 
0040001300066U 060000000000000000000000000000000000000000012000000000000000000000000000288000000000000288000000000000000000000000000000002703201328032013            000000000000000                              00000000000000000000000       
00400015         00006800000000000000000000000000000000000000000000000026250000000086321393400000000000000000000000                                                                                                                             
00499999         000001000070000000                                                                                                                                                                                                             
