01REMESSA01COBRANCA       0130608411698000140                               748SICREDI        20120703        0000152                                                                                                                                                                                                                                                                                 2.00000001
1AAA            AAA                            122666660      20120703 N B0000    00000000000200            0101226666602907120000000010000         JN290612000000000000000260000000000000000000000000000000000000000000002008411698000140PROSERVER TELECOMUNICACOES LTDA         RUA TENENTE JUNG, N534SALA 02, SANTO CRI00000000000 9896000000000                                                       000002
2           122666660COBRAR MULTA DE $VALORMULTA APOS O VENCIMENTO                                   COBRAR JUROS DE $VALORJUROSDIARIOS AO DIA APOS O VENCIMENTO                     SUJEITO A SUSPENSAO DO SERVICO APOS 30 DIAS DE VENCIDO                          A CENTRAL DE ATENDIMENTO ASSISNET ESTA COM NOVO NUMERO [55] 3541 0700.          0122666660                                           000003
5E013060122666660 A01COBRAR MULTA DE $VALORMULTA APOS O VENCIMENTO                                   02COBRAR JUROS DE $VALORJUROSDIARIOS AO DIA APOS O VENCIMENTO                     03SUJEITO A SUSPENSAO DO SERVICO APOS 30 DIAS DE VENCIDO                          04A CENTRAL DE ATENDIMENTO ASSISNET ESTA COM NOVO NUMERO [55] 3541 0700.                                                         000004
9174801306                                                                                                                                                                                                                                                                                                                                                                                                000005
