01REMESSA01COBRANCA       00000000000000000000CONECTLAN SOLUCOES TECNOLOGICA237BRADESCO       140313        MX0000001                                                                                                                                                                                                                                                                                     000001
100000 00000000000000000000000000000000000000000000000000000010002000000000000000000000000000            0  010000000001140413000000000500000000000000140313000000000000000000000000000000000000000000000000000000000000000206134596000107CONECTLAN SOLUCOES TECNOLOGICAS LTDA ME AV MATO GROSSO, 1842 - TERREO - SETOR CE            77403020                                                            000002
100000 00000000000000000000000000000000000000000000000000000010002000000000000000000000000000            0  010000000002140513000000000500000000000000140313000000000000000000000000000000000000000000000000000000000000000206134596000107CONECTLAN SOLUCOES TECNOLOGICAS LTDA ME AV MATO GROSSO, 1842 - TERREO - SETOR CE            77403020                                                            000003
100000 00000000000000000000000000000000000000000000000000000010002000000000000000000000000000            0  010000000003140613000000000500000000000000140313000000000000000000000000000000000000000000000000000000000000000206134596000107CONECTLAN SOLUCOES TECNOLOGICAS LTDA ME AV MATO GROSSO, 1842 - TERREO - SETOR CE            77403020                                                            000004
9                                                                                                                                                                                                                                                                                                                                                                                                         000005
