01REMESSA01COBRANCA       00000000000004155748CONECTLAN SOLUCOES TECNOLOGICA237BRADESCO       110512        MX0000273                                                                                                                                                                                                                                                                                     000001
100000 00000000000000009003160128681100000000000000000000000010002000000000000000000000000001            0  01021209011009061200000000020000000000001N090512000000000000000000000000000000000000000000000000000000000000000206134596000107CONECTLAN SOLUCOES TECNOLOGICAS LTDA ME AV MATO GROSSO, 1842 - TERREO - SETOR CE            77403020                                                            000002
100000 00000000000000009003160128681100000000000000000000000010002000000000000000000000000001            0  01021209011109071200000000020000000000001N090512000000000000000000000000000000000000000000000000000000000000000206134596000107CONECTLAN SOLUCOES TECNOLOGICAS LTDA ME AV MATO GROSSO, 1842 - TERREO - SETOR CE            77403020                                                            000003
100000 00000000000000009003160128681100000000000000000000000010002000000000000000000000000001            0  01021209011209081200000000020000000000001N090512000000000000000000000000000000000000000000000000000000000000000206134596000107CONECTLAN SOLUCOES TECNOLOGICAS LTDA ME AV MATO GROSSO, 1842 - TERREO - SETOR CE            77403020                                                            000004
100000 00000000000000009003160128681100000000000000000000000010002000000000000000000000000001            0  01021209011309091200000000020000000000001N090512000000000000000000000000000000000000000000000000000000000000000206134596000107CONECTLAN SOLUCOES TECNOLOGICAS LTDA ME AV MATO GROSSO, 1842 - TERREO - SETOR CE            77403020                                                            000005
100000 00000000000000009003160128681100000000000000000000000010002000000000000000000000000001            0  01021209011409101200000000020000000000001N090512000000000000000000000000000000000000000000000000000000000000000206134596000107CONECTLAN SOLUCOES TECNOLOGICAS LTDA ME AV MATO GROSSO, 1842 - TERREO - SETOR CE            77403020                                                            000006
100000 00000000000000009003160128681100000000000000000000001580002000000000000000000000000001            0  31000000002225051200000000040000000000001N110512000000000000000000000000000000000000000000000000000000000000000100096962615191HELCYAS ALVES DIAS                      RUA BARAO DO RIO BRANCO, 1907 - CENTROPA            77600000                                                            000007
100000 00000000000000009003160128681100000000000000000000000010002000000000000000000000000001            0  01000000003714051200000002000000000000001N110512000000000000000000000000000000000000000000000000000000000000000206134596000107CONECTLAN SOLUCOES TECNOLOGICAS LTDA ME AV MATO GROSSO, 1842 - TERREO - SETOR CE            77403020                                                            000008
100000 00000000000000009003160128681100000000000000000000000010002000000000000000000000000001            0  01000000003811071200000002000000000000001N110512000000000000000000000000000000000000000000000000000000000000000206134596000107CONECTLAN SOLUCOES TECNOLOGICAS LTDA ME AV MATO GROSSO, 1842 - TERREO - SETOR CE            77403020                                                            000009
9                                                                                                                                                                                                                                                                                                                                                                                                         000010
