01REMESSA01COBRANCA       0000006134596000107                               748SICREDI        20130312        0000001                                                                                                                                                                                                                                                                                 2.00000001
1A A            AAA                            013000012      20130312 N  0000    00000000000200            0200130000120404130000000005000         J 040313000000000000000170000000000000000000000000000000000000000000001000002197484117EU, EU MESMO & IRENE                    AVENIDA GOIAS, N2355, SETOR CENTRAL     00000000000 7741001000000                                                       000002
2           013000012                                                                                                                                                                                                                                                                                                                                0013000012                                           000003
5E000000013000012 A01                                                                                02                                                                                03                                                                                04                                                                                                                               000004
1A A            AAA                            013000020      20130312 N  0000    00000000000200            0100130000201204130000000010000         J 120313000000000000000330000000000000000000000000000000000000000000002063887756000114SOCIEDADE CIVIL INTEGRADA MADRE CELESTE ESTRADA DA PROVIDENCIA, N10, COQUEIRO, C00000000000 6711000000000                                                       000005
2           013000020                                                                                                                                                                                                                                                                                                                                0013000020                                           000006
5E000000013000020 A01                                                                                02                                                                                03                                                                                04                                                                                                                               000007
1A A            AAA                            013000039      20130312 N  0000    00000000000200            0100130000391205130000000010000         J 120313000000000000000330000000000000000000000000000000000000000000002063887756000114SOCIEDADE CIVIL INTEGRADA MADRE CELESTE ESTRADA DA PROVIDENCIA, N10, COQUEIRO, C00000000000 6711000000000                                                       000008
2           013000039                                                                                                                                                                                                                                                                                                                                0013000039                                           000009
5E000000013000039 A01                                                                                02                                                                                03                                                                                04                                                                                                                               000010
1A A            AAA                            013000047      20130312 N  0000    00000000000200            0100130000471206130000000010000         J 120313000000000000000330000000000000000000000000000000000000000000002063887756000114SOCIEDADE CIVIL INTEGRADA MADRE CELESTE ESTRADA DA PROVIDENCIA, N10, COQUEIRO, C00000000000 6711000000000                                                       000011
2           013000047                                                                                                                                                                                                                                                                                                                                0013000047                                           000012
5E000000013000047 A01                                                                                02                                                                                03                                                                                04                                                                                                                               000013
1A A            AAA                            013000055      20130312 N  0000    00000000000200            0100130000551207130000000010000         J 120313000000000000000330000000000000000000000000000000000000000000002063887756000114SOCIEDADE CIVIL INTEGRADA MADRE CELESTE ESTRADA DA PROVIDENCIA, N10, COQUEIRO, C00000000000 6711000000000                                                       000014
2           013000055                                                                                                                                                                                                                                                                                                                                0013000055                                           000015
5E000000013000055 A01                                                                                02                                                                                03                                                                                04                                                                                                                               000016
1A A            AAA                            013000063      20130312 N  0000    00000000000200            0100130000631208130000000010000         J 120313000000000000000330000000000000000000000000000000000000000000002063887756000114SOCIEDADE CIVIL INTEGRADA MADRE CELESTE ESTRADA DA PROVIDENCIA, N10, COQUEIRO, C00000000000 6711000000000                                                       000017
2           013000063                                                                                                                                                                                                                                                                                                                                0013000063                                           000018
5E000000013000063 A01                                                                                02                                                                                03                                                                                04                                                                                                                               000019
1A A            AAA                            013000071      20130312 N  0000    00000000000200            0100130000711209130000000010000         J 120313000000000000000330000000000000000000000000000000000000000000002063887756000114SOCIEDADE CIVIL INTEGRADA MADRE CELESTE ESTRADA DA PROVIDENCIA, N10, COQUEIRO, C00000000000 6711000000000                                                       000020
2           013000071                                                                                                                                                                                                                                                                                                                                0013000071                                           000021
5E000000013000071 A01                                                                                02                                                                                03                                                                                04                                                                                                                               000022
1A A            AAA                            013000080      20130312 N  0000    00000000000200            0100130000801210130000000010000         J 120313000000000000000330000000000000000000000000000000000000000000002063887756000114SOCIEDADE CIVIL INTEGRADA MADRE CELESTE ESTRADA DA PROVIDENCIA, N10, COQUEIRO, C00000000000 6711000000000                                                       000023
2           013000080                                                                                                                                                                                                                                                                                                                                0013000080                                           000024
5E000000013000080 A01                                                                                02                                                                                03                                                                                04                                                                                                                               000025
1A A            AAA                            013000098      20130312 N  0000    00000000000200            0100130000981211130000000010000         J 120313000000000000000330000000000000000000000000000000000000000000002063887756000114SOCIEDADE CIVIL INTEGRADA MADRE CELESTE ESTRADA DA PROVIDENCIA, N10, COQUEIRO, C00000000000 6711000000000                                                       000026
2           013000098                                                                                                                                                                                                                                                                                                                                0013000098                                           000027
5E000000013000098 A01                                                                                02                                                                                03                                                                                04                                                                                                                               000028
1A A            AAA                            013000101      20130312 N  0000    00000000000200            0100130001011212130000000010000         J 120313000000000000000330000000000000000000000000000000000000000000002063887756000114SOCIEDADE CIVIL INTEGRADA MADRE CELESTE ESTRADA DA PROVIDENCIA, N10, COQUEIRO, C00000000000 6711000000000                                                       000029
2           013000101                                                                                                                                                                                                                                                                                                                                0013000101                                           000030
5E000000013000101 A01                                                                                02                                                                                03                                                                                04                                                                                                                               000031
1A A            AAA                            013000110      20130312 N  0000    00000000000200            0100130001101201140000000010000         J 120313000000000000000330000000000000000000000000000000000000000000002063887756000114SOCIEDADE CIVIL INTEGRADA MADRE CELESTE ESTRADA DA PROVIDENCIA, N10, COQUEIRO, C00000000000 6711000000000                                                       000032
2           013000110                                                                                                                                                                                                                                                                                                                                0013000110                                           000033
5E000000013000110 A01                                                                                02                                                                                03                                                                                04                                                                                                                               000034
9174800000                                                                                                                                                                                                                                                                                                                                                                                                000035
