01REMESSA01COBRANCA       0130608411698000140                               748SICREDI        20120626        0000148                                                                                                                                                                                                                                                                                 2.00000001
9174801306                                                                                                                                                                                                                                                                                                                                                                                                000002
