03300000        2008411698000140437700005398355                         PROSERVER TELECOMUNICACOES LTDBANCO SANTANDER                         126072012      000001040                                                                          
03300011R01  030 2008411698000140                    437700005398355     PROSERVER TELECOMUNICACOES LTD                                                                                0000000126072012                                         
0330001300001P 010437701300091140130009114  0000000000019111  1              2608201200000000000250000007 02N260720122260820120000000000000000000000000000000000000000000000000000000000000000000000000000000000000000000001000200000           
0330001300002Q 012008411698000140PROSERVER TELECOMUNICACOES LTDA         RUA TENENTE JUNGLE, Nº534, SALA 02      CENTRO         98960000SANTO CRISTO   RS0000000000000000                                        000000000000                   
0330001300003R 01000000000000000000000000                        226082012000000000000000                                                                                                                                                       
0330001300004S 011014                                                                                                                                                                                                                           
0330001300005P 010437701300091140130009114  0000000000027111  2              2609201200000000000250000007 02N260720122260920120000000000000000000000000000000000000000000000000000000000000000000000000000000000000000000002000200000           
0330001300006Q 012008411698000140PROSERVER TELECOMUNICACOES LTDA         RUA TENENTE JUNGLE, Nº534, SALA 02      CENTRO         98960000SANTO CRISTO   RS0000000000000000                                        000000000000                   
0330001300007R 01000000000000000000000000                        226092012000000000000000                                                                                                                                                       
0330001300008S 011014                                                                                                                                                                                                                           
03300015         000010                                                                                                                                                                                                                         
03399999         000001000012                                                                                                                                                                                                                   
