A127168               PROSERVER TELECOMUNI001BANCO DO BRASIL S.A.2012062100001704DEBITO AUTOMATICO                                                    
E00100000000001000000000011377000000000202062012071800000000000300103000000000000036                                            X                    0
E00100000000001000000000011377000000000202062012081900000000001130003000000000000041                                            X                    0
E00100000000001000000000011377000000000202062012091900000000001130003000000000000042                                            X                    0
E00100000000001000000000011377000000000202062012071900000000000500003000000000000043                                            X                    0
E00100000000001000000000011377000000000202062012081900000000000500003000000000000044                                            X                    0
E00100000000001000000000011377000000000202062012091900000000000500003000000000000045                                            X                    0
Z00000800000000000040601                                                                                                                              
