A127168               CNTSISTEMAS LTDA ME 001BANCO DO BRASIL S.A.2013021300000704DEBITO AUTOMATICO                                                    
E00100000000001000000000011377000000000202062013030700000000000500003000000000000047                                            X                    0
E00100000000001000000000011377000000000202062013050700000000000500003000000000000049                                            X                    0
E00100000000001000000000011377000000000202062013030700000000000500003000000000000050                                            X                    0
E00100000000001000000000021244000044124451122013040700000000000500003000000000000051                                            X                    0
E00100000000001000000000011377000000000202062013050700000000000500003000000000000052                                            X                    0
Z00000700000000000025000                                                                                                                              
