A127168               PROSERVER TELECOMUNI001BANCO DO BRASIL S.A.2012062100002204DEBITO AUTOMATICO                                                    
Z00000200000000000000000                                                                                                                              
