01REMESSA01COBRANCA       00000000000000000000PROSERVER TELECOMUNICACOES LTD237BRADESCO       140712        MX0000003                                                                                                                                                                                                                                                                                     000001
100000 00000000000000000000000000000000000000000000000000000120002000000000000000000000000000            0  020000000001140712000000000050000000000000140612000000000000000000000000000000000000000000000000000000000000000100002413988009LUIZE GUMISSON HEINECK                  BECO ALBINO BINTSFFELDT, 11 - CENTROSANT            98960000                                                            000002
9                                                                                                                                                                                                                                                                                                                                                                                                         000003
