A12354                CONECTLAN - SOLUCOES748SICREDI             2012050900000105DEBITO AUTOMATICO                                                    
E0010000000000100000000006354 23545         2012060900000000000100003000000000000001                                             1006134596000107    0
E0010000000000100000000006354 23545         2012070900000000000100003000000000000002                                             1006134596000107    0
E0010000000000100000000006354 23545         2012080900000000000100003000000000000003                                             1006134596000107    0
Z00000500000000000003000                                                                                                                              
