A162550               CONECTLAN - SOLUCOES748SICREDI             2013032700000205DEBITO AUTOMATICO                                                    
E0010000000052000000000001514 1414101       2013041000000000060800703000000000000002                                             2000008831335120    0
Z00000300000000000608007                                                                                                                              
