01REMESSA01COBRANCA       00000000000000000000CONECTLAN SOLUCOES TECNOLOGICA237BRADESCO       120512        MX0000001                                                                                                                                                                                                                                                                                     000001
100000 00000000000000215005450000000000000000000000000000000010002000000000000000000000000000            0  01000000000612061200000000010000000000000N120512000000000000000000000000000000000000000000000000000000000000000206134596000107CONECTLAN SOLUCOES TECNOLOGICAS LTDA ME AV MATO GROSSO, 1842 - TERREO - SETOR CE            77403020                                                            000002
100000 00000000000000215005450000000000000000000000000000000010002000000000000000000000000000            0  01000000000712071200000000010000000000000N120512000000000000000000000000000000000000000000000000000000000000000206134596000107CONECTLAN SOLUCOES TECNOLOGICAS LTDA ME AV MATO GROSSO, 1842 - TERREO - SETOR CE            77403020                                                            000003
100000 00000000000000215005450000000000000000000000000000000010002000000000000000000000000000            0  01000000000812081200000000010000000000000N120512000000000000000000000000000000000000000000000000000000000000000206134596000107CONECTLAN SOLUCOES TECNOLOGICAS LTDA ME AV MATO GROSSO, 1842 - TERREO - SETOR CE            77403020                                                            000004
100000 00000000000000215005450000000000000000000000000000000010002000000000000000000000000000            0  01000000000112061200000000010000000000000N120512000000000000000000000000000000000000000000000000000000000000000206134596000107CONECTLAN SOLUCOES TECNOLOGICAS LTDA ME AV MATO GROSSO, 1842 - TERREO - SETOR CE            77403020                                                            000005
100000 00000000000000215005450000000000000000000000000000000010002000000000000000000000000000            0  01000000000212071200000000010000000000000N120512000000000000000000000000000000000000000000000000000000000000000206134596000107CONECTLAN SOLUCOES TECNOLOGICAS LTDA ME AV MATO GROSSO, 1842 - TERREO - SETOR CE            77403020                                                            000006
100000 00000000000000215005450000000000000000000000000000000010002000000000000000000000000000            0  01000000000312081200000000010000000000000N120512000000000000000000000000000000000000000000000000000000000000000206134596000107CONECTLAN SOLUCOES TECNOLOGICAS LTDA ME AV MATO GROSSO, 1842 - TERREO - SETOR CE            77403020                                                            000007
100000 00000000000000215005450000000000000000000000000000000010002000000000000000000000000000            0  01000000000412091200000000010000000000000N120512000000000000000000000000000000000000000000000000000000000000000206134596000107CONECTLAN SOLUCOES TECNOLOGICAS LTDA ME AV MATO GROSSO, 1842 - TERREO - SETOR CE            77403020                                                            000008
100000 00000000000000215005450000000000000000000000000000000010002000000000000000000000000000            0  01000000000512101200000000010000000000000N120512000000000000000000000000000000000000000000000000000000000000000206134596000107CONECTLAN SOLUCOES TECNOLOGICAS LTDA ME AV MATO GROSSO, 1842 - TERREO - SETOR CE            77403020                                                            000009
9                                                                                                                                                                                                                                                                                                                                                                                                         000010
