A127168               PROSERVER TELECOMUNI001BANCO DO BRASIL S.A.2012062700003904DEBITO AUTOMATICO                                                    
E00100000000050000000000128500000000001825542012072700000000000500003000066666666688                                            X                    0
Z00000300000000000005000                                                                                                                              
