A129414               CONECTLAN SERVICOS D001BANCO DO BRASIL S.A.2013032700000304DEBITO AUTOMATICO                                                    
E00100000000604000000000011010000000000020572013041000000000060000003000000000000016                                            X                    0
Z00000300000000000600000                                                                                                                              
