01REMESSA01COBRANCA       02032001234561000000CNTSISTEMAS                   001BANCODOBRASIL  1506130000001                      0665553                                                                                                                                                                                                                                                                  000001
72 084116980001400203200123456106655531                        066555300000000010000       0190000000     1801000000000115071300000000100000010000 01A150613000000000000000030000000000000000000000000000000000000000000000208411698000140CNTSISTEMAS                             AVENIDA MATO GROSSO, Nº1842             SETOR CENTRA77403020GURUPI         TO                                           000002
72 084116980001400203200123456106655532                        066555300000000020000       0190000000     1801000000000215081300000000100000010000 01A150613000000000000000030000000000000000000000000000000000000000000000208411698000140CNTSISTEMAS                             AVENIDA MATO GROSSO, Nº1842             SETOR CENTRA77403020GURUPI         TO                                           000003
72 084116980001400203200123456106655533                        066555300000000030000       0190000000     1801000000000315091300000000100000010000 01A150613000000000000000030000000000000000000000000000000000000000000000208411698000140CNTSISTEMAS                             AVENIDA MATO GROSSO, Nº1842             SETOR CENTRA77403020GURUPI         TO                                           000004
72 084116980001400203200123456106655534                        066555300000000040000       0190000000     1801000000000415071300000000012000010000 01A150613000000000000000000000000000000000000000000000000000000000000000100098238086000FABIO LUIS GASS                         RUA GOIAS, Nº359                        CENTRO      98960000SANTO CRISTO   RS                                           000005
9                                                                                                                                                                                                                                                                                                                                                                                                         000000
