A127168               PROSERVER TELECOMUNI001BANCO DO BRASIL S.A.2012062100002004DEBITO AUTOMATICO                                                    
E00100000000001000000000011377000000000202062012072100000000000500003000000000000050                                            X                    0
E00100000000001000000000011377000000000202062012082100000000000500003000000000000051                                            X                    0
Z00000400000000000010000                                                                                                                              
