03300000        2006134596000107442400005305543                         CONECTLAN SOLUCOES TECNOLOGICABANCO SANTANDER                         112052012      000002040                                                                          
03300011R01  030 2006134596000107                    442400005305543     CONECTLAN SOLUCOES TECNOLOGICA                                                                                0000000212052012                                         
0330001300001P 024424501300063320130006332  0000000000043111  4              1008201200000000000500000005 02N120520122100820120000000009990000000000000000000000000000000000000000000000000000000000000000000000000000000004105200000           
0330001300002P 024424501300063320130006332  0000000000051111  5              1009201200000000000500000005 02N120520122100920120000000009990000000000000000000000000000000000000000000000000000000000000000000000000000000005105200000           
03300015         000004                                                                                                                                                                                                                         
03399999         000001000006                                                                                                                                                                                                                   
