A127168               PROSERVER TELECOMUNI001BANCO DO BRASIL S.A.2012061800000504DEBITO AUTOMATICO                                                    
E00100000005931000000000110214000000000255012012071800000000000600003000000000000034                                            X                    0
Z00000300000000000006000                                                                                                                              
