01REMESSA01COBRANCA       0130608411698000140                               748SICREDI        20120620        0000141                                                                                                                                                                                                                                                                                 2.00000001
1AAA            AAA                            112001967      20120620 N B0000    00000000000200            0101120019671011110000000004040         JN171011000000000000000110000000000000000000000000000000000000000000001000035642726072CELSO ANTONIO FUNK                      VILA DONA OTILIA, NS/N, ROQUE GONZALES -00000000000 9797097000000                                                       000002
2           112001967COBRAR MULTA DE $VALORMULTA APOS O VENCIMENTO                                   COBRAR JUROS DE $VALORJUROSDIARIOS AO DIA APOS O VENCIMENTO                     SUJEITO A SUSPENSAO DO SERVICO APOS 30 DIAS DE VENCIDO                          A CENTRAL DE ATENDIMENTO ASSISNET ESTA COM NOVO NUMERO [55] 3541 0700.          0112001967                                           000003
5E013060112001967 A01COBRAR MULTA DE $VALORMULTA APOS O VENCIMENTO                                   02COBRAR JUROS DE $VALORJUROSDIARIOS AO DIA APOS O VENCIMENTO                     03SUJEITO A SUSPENSAO DO SERVICO APOS 30 DIAS DE VENCIDO                          04A CENTRAL DE ATENDIMENTO ASSISNET ESTA COM NOVO NUMERO [55] 3541 0700.                                                         000004
1AAA            AAA                            112003846      20120620 N B0000    00000000000200            0101120038461011110000000007990         JN171011000000000000000210000000000000000000000000000000000000000000001000000429801009GILMAR DOS SANTOS                       RUA INDEPENDENCIA, N493, CERRO LARGO - R00000000000 9790000000000                                                       000005
2           112003846COBRAR MULTA DE $VALORMULTA APOS O VENCIMENTO                                   COBRAR JUROS DE $VALORJUROSDIARIOS AO DIA APOS O VENCIMENTO                     SUJEITO A SUSPENSAO DO SERVICO APOS 30 DIAS DE VENCIDO                          A CENTRAL DE ATENDIMENTO ASSISNET ESTA COM NOVO NUMERO [55] 3541 0700.          0112003846                                           000006
5E013060112003846 A01COBRAR MULTA DE $VALORMULTA APOS O VENCIMENTO                                   02COBRAR JUROS DE $VALORJUROSDIARIOS AO DIA APOS O VENCIMENTO                     03SUJEITO A SUSPENSAO DO SERVICO APOS 30 DIAS DE VENCIDO                          04A CENTRAL DE ATENDIMENTO ASSISNET ESTA COM NOVO NUMERO [55] 3541 0700.                                                         000007
1AAA            AAA                            112004281      20120620 N B0000    00000000000200            0101120042812607120000000004490         JN171011000000000000000120000000000000000000000000000000000000000000001000061241490015ILAIDE WOHLFAHRT  DE ARAUJO             VILA DONA OTILIA, NS/N, ROQUE GONZALES -00000000000 9797000000000                                                       000008
2           112004281COBRAR MULTA DE $VALORMULTA APOS O VENCIMENTO                                   COBRAR JUROS DE $VALORJUROSDIARIOS AO DIA APOS O VENCIMENTO                     SUJEITO A SUSPENSAO DO SERVICO APOS 30 DIAS DE VENCIDO                          A CENTRAL DE ATENDIMENTO ASSISNET ESTA COM NOVO NUMERO [55] 3541 0700.          0112004281                                           000009
5E013060112004281 A01COBRAR MULTA DE $VALORMULTA APOS O VENCIMENTO                                   02COBRAR JUROS DE $VALORJUROSDIARIOS AO DIA APOS O VENCIMENTO                     03SUJEITO A SUSPENSAO DO SERVICO APOS 30 DIAS DE VENCIDO                          04A CENTRAL DE ATENDIMENTO ASSISNET ESTA COM NOVO NUMERO [55] 3541 0700.                                                         000010
1AAA            AAA                            112004532      20120620 N B0000    00000000000200            0101120045321011110000000004490         JN171011000000000000000120000000000000000000000000000000000000000000001000077401514087JEFERSON SANCHES MARTIN                 RUA ARTUR BERVANGER, N840, SAO PEDRO DO 00000000000 9792000000000                                                       000011
2           112004532COBRAR MULTA DE $VALORMULTA APOS O VENCIMENTO                                   COBRAR JUROS DE $VALORJUROSDIARIOS AO DIA APOS O VENCIMENTO                     SUJEITO A SUSPENSAO DO SERVICO APOS 30 DIAS DE VENCIDO                          A CENTRAL DE ATENDIMENTO ASSISNET ESTA COM NOVO NUMERO [55] 3541 0700.          0112004532                                           000012
5E013060112004532 A01COBRAR MULTA DE $VALORMULTA APOS O VENCIMENTO                                   02COBRAR JUROS DE $VALORJUROSDIARIOS AO DIA APOS O VENCIMENTO                     03SUJEITO A SUSPENSAO DO SERVICO APOS 30 DIAS DE VENCIDO                          04A CENTRAL DE ATENDIMENTO ASSISNET ESTA COM NOVO NUMERO [55] 3541 0700.                                                         000013
1AAA            AAA                            112005113      20120620 N B0000    00000000000200            0101120051131011110000000007990         JN171011000000000000000210000000000000000000000000000000000000000000001000024709310025LUIZ KOCHHANN                           RUA SANTA ROSA, N445, CAMPINA DAS MISSOE00000000000 9897500000000                                                       000014
2           112005113COBRAR MULTA DE $VALORMULTA APOS O VENCIMENTO                                   COBRAR JUROS DE $VALORJUROSDIARIOS AO DIA APOS O VENCIMENTO                     SUJEITO A SUSPENSAO DO SERVICO APOS 30 DIAS DE VENCIDO                          A CENTRAL DE ATENDIMENTO ASSISNET ESTA COM NOVO NUMERO [55] 3541 0700.          0112005113                                           000015
5E013060112005113 A01COBRAR MULTA DE $VALORMULTA APOS O VENCIMENTO                                   02COBRAR JUROS DE $VALORJUROSDIARIOS AO DIA APOS O VENCIMENTO                     03SUJEITO A SUSPENSAO DO SERVICO APOS 30 DIAS DE VENCIDO                          04A CENTRAL DE ATENDIMENTO ASSISNET ESTA COM NOVO NUMERO [55] 3541 0700.                                                         000016
1AAA            AAA                            112005415      20120620 N B0000    00000000000200            0101120054151312110000000004040         JN171011000000000000000110000000000000000000000000000000000000000000001000047815825087LAURO BREMM                             LINHA LUIZENTAL, NS/N, SAO PAULO DAS MIS00000000000 9897000000000                                                       000017
2           112005415COBRAR MULTA DE $VALORMULTA APOS O VENCIMENTO                                   COBRAR JUROS DE $VALORJUROSDIARIOS AO DIA APOS O VENCIMENTO                     SUJEITO A SUSPENSAO DO SERVICO APOS 30 DIAS DE VENCIDO                          A CENTRAL DE ATENDIMENTO ASSISNET ESTA COM NOVO NUMERO [55] 3541 0700.          0112005415                                           000018
5E013060112005415 A01COBRAR MULTA DE $VALORMULTA APOS O VENCIMENTO                                   02COBRAR JUROS DE $VALORJUROSDIARIOS AO DIA APOS O VENCIMENTO                     03SUJEITO A SUSPENSAO DO SERVICO APOS 30 DIAS DE VENCIDO                          04A CENTRAL DE ATENDIMENTO ASSISNET ESTA COM NOVO NUMERO [55] 3541 0700.                                                         000019
1AAA            AAA                            112006624      20120620 N B0000    00000000000200            0101120066241011110000000005990         JN171011000000000000000160000000000000000000000000000000000000000000001000002366890028MAUREL RODRIGUES ZORZO                  RUA HENRIQUE THOMAS, N1042, CERRO LARGO 00000000000 9790000000000                                                       000020
2           112006624COBRAR MULTA DE $VALORMULTA APOS O VENCIMENTO                                   COBRAR JUROS DE $VALORJUROSDIARIOS AO DIA APOS O VENCIMENTO                     SUJEITO A SUSPENSAO DO SERVICO APOS 30 DIAS DE VENCIDO                          A CENTRAL DE ATENDIMENTO ASSISNET ESTA COM NOVO NUMERO [55] 3541 0700.          0112006624                                           000021
5E013060112006624 A01COBRAR MULTA DE $VALORMULTA APOS O VENCIMENTO                                   02COBRAR JUROS DE $VALORJUROSDIARIOS AO DIA APOS O VENCIMENTO                     03SUJEITO A SUSPENSAO DO SERVICO APOS 30 DIAS DE VENCIDO                          04A CENTRAL DE ATENDIMENTO ASSISNET ESTA COM NOVO NUMERO [55] 3541 0700.                                                         000022
1AAA            AAA                            112007108      20120620 N B0000    00000000000200            0101120071081011110000000004490         JN171011000000000000000120000000000000000000000000000000000000000000001000046648321091MARTA GOLDSCHMIDT                       RUA MATIAS SCHERER, NS/N, SAO PEDRO DO B00000000000 9792000000000                                                       000023
2           112007108COBRAR MULTA DE $VALORMULTA APOS O VENCIMENTO                                   COBRAR JUROS DE $VALORJUROSDIARIOS AO DIA APOS O VENCIMENTO                     SUJEITO A SUSPENSAO DO SERVICO APOS 30 DIAS DE VENCIDO                          A CENTRAL DE ATENDIMENTO ASSISNET ESTA COM NOVO NUMERO [55] 3541 0700.          0112007108                                           000024
5E013060112007108 A01COBRAR MULTA DE $VALORMULTA APOS O VENCIMENTO                                   02COBRAR JUROS DE $VALORJUROSDIARIOS AO DIA APOS O VENCIMENTO                     03SUJEITO A SUSPENSAO DO SERVICO APOS 30 DIAS DE VENCIDO                          04A CENTRAL DE ATENDIMENTO ASSISNET ESTA COM NOVO NUMERO [55] 3541 0700.                                                         000025
1AAA            AAA                            112007388      20120620 N B0000    00000000000200            0101120073881011110000000004490         JN171011000000000000000120000000000000000000000000000000000000000000001000023465590082NELCI FATIMA NICOLLI                    RUA RAUL OLIVAIRA, N470, CATUIPE - RS   00000000000 9877000000000                                                       000026
2           112007388COBRAR MULTA DE $VALORMULTA APOS O VENCIMENTO                                   COBRAR JUROS DE $VALORJUROSDIARIOS AO DIA APOS O VENCIMENTO                     SUJEITO A SUSPENSAO DO SERVICO APOS 30 DIAS DE VENCIDO                          A CENTRAL DE ATENDIMENTO ASSISNET ESTA COM NOVO NUMERO [55] 3541 0700.          0112007388                                           000027
5E013060112007388 A01COBRAR MULTA DE $VALORMULTA APOS O VENCIMENTO                                   02COBRAR JUROS DE $VALORJUROSDIARIOS AO DIA APOS O VENCIMENTO                     03SUJEITO A SUSPENSAO DO SERVICO APOS 30 DIAS DE VENCIDO                          04A CENTRAL DE ATENDIMENTO ASSISNET ESTA COM NOVO NUMERO [55] 3541 0700.                                                         000028
1AAA            AAA                            112008520      20120620 N B0000    00000000000200            0101120085202312110000000004490         JN171011000000000000000120000000000000000000000000000000000000000000001000002274327033THALES ANDREYS DA SILVA                 RUA ANTUNES RIBAS, N2391, SANTO ANGELO -00000000000 9880000000000                                                       000029
2           112008520COBRAR MULTA DE $VALORMULTA APOS O VENCIMENTO                                   COBRAR JUROS DE $VALORJUROSDIARIOS AO DIA APOS O VENCIMENTO                     SUJEITO A SUSPENSAO DO SERVICO APOS 30 DIAS DE VENCIDO                          A CENTRAL DE ATENDIMENTO ASSISNET ESTA COM NOVO NUMERO [55] 3541 0700.          0112008520                                           000030
5E013060112008520 A01COBRAR MULTA DE $VALORMULTA APOS O VENCIMENTO                                   02COBRAR JUROS DE $VALORJUROSDIARIOS AO DIA APOS O VENCIMENTO                     03SUJEITO A SUSPENSAO DO SERVICO APOS 30 DIAS DE VENCIDO                          04A CENTRAL DE ATENDIMENTO ASSISNET ESTA COM NOVO NUMERO [55] 3541 0700.                                                         000031
1AAA            AAA                            112013116      20120620 N B0000    00000000000200            0101120131161002120000000007527         JN171011000000000000000200000000000000000000000000000000000000000000001000001356639038MARILIO DA ROSA                         RUA LORENCO BOTEGA, N127, CATUIPE - RS  00000000000 9877000000000                                                       000032
2           112013116COBRAR MULTA DE $VALORMULTA APOS O VENCIMENTO                                   COBRAR JUROS DE $VALORJUROSDIARIOS AO DIA APOS O VENCIMENTO                     SUJEITO A SUSPENSAO DO SERVICO APOS 30 DIAS DE VENCIDO                          A CENTRAL DE ATENDIMENTO ASSISNET ESTA COM NOVO NUMERO [55] 3541 0700.          0112013116                                           000033
5E013060112013116 A01COBRAR MULTA DE $VALORMULTA APOS O VENCIMENTO                                   02COBRAR JUROS DE $VALORJUROSDIARIOS AO DIA APOS O VENCIMENTO                     03SUJEITO A SUSPENSAO DO SERVICO APOS 30 DIAS DE VENCIDO                          04A CENTRAL DE ATENDIMENTO ASSISNET ESTA COM NOVO NUMERO [55] 3541 0700.                                                         000034
1AAA            AAA                            112014600      20120620 N B0000    00000000000200            0101120146001011110000000004040         JN171011000000000000000110000000000000000000000000000000000000000000001000093097840087JOAO JUSTEN HENDGES                     LINHA AVONTE, NS/N, SAO PAULO DAS MISSOE00000000000 9798000000000                                                       000035
2           112014600COBRAR MULTA DE $VALORMULTA APOS O VENCIMENTO                                   COBRAR JUROS DE $VALORJUROSDIARIOS AO DIA APOS O VENCIMENTO                     SUJEITO A SUSPENSAO DO SERVICO APOS 30 DIAS DE VENCIDO                          A CENTRAL DE ATENDIMENTO ASSISNET ESTA COM NOVO NUMERO [55] 3541 0700.          0112014600                                           000036
5E013060112014600 A01COBRAR MULTA DE $VALORMULTA APOS O VENCIMENTO                                   02COBRAR JUROS DE $VALORJUROSDIARIOS AO DIA APOS O VENCIMENTO                     03SUJEITO A SUSPENSAO DO SERVICO APOS 30 DIAS DE VENCIDO                          04A CENTRAL DE ATENDIMENTO ASSISNET ESTA COM NOVO NUMERO [55] 3541 0700.                                                         000037
1AAA            AAA                            112014910      20120620 N B0000    00000000000200            0101120149101011110000000009900         JN171011000000000000000260000000000000000000000000000000000000000000002009093740000194BIOTECHNOS PROJETOS AUTO-SUSTENTAVEIS LTRUA COMANDAI , N59FUNDOS, SANTA ROSA - R00000000000 9890000000000                                                       000038
2           112014910COBRAR MULTA DE $VALORMULTA APOS O VENCIMENTO                                   COBRAR JUROS DE $VALORJUROSDIARIOS AO DIA APOS O VENCIMENTO                     SUJEITO A SUSPENSAO DO SERVICO APOS 30 DIAS DE VENCIDO                          A CENTRAL DE ATENDIMENTO ASSISNET ESTA COM NOVO NUMERO [55] 3541 0700.          0112014910                                           000039
5E013060112014910 A01COBRAR MULTA DE $VALORMULTA APOS O VENCIMENTO                                   02COBRAR JUROS DE $VALORJUROSDIARIOS AO DIA APOS O VENCIMENTO                     03SUJEITO A SUSPENSAO DO SERVICO APOS 30 DIAS DE VENCIDO                          04A CENTRAL DE ATENDIMENTO ASSISNET ESTA COM NOVO NUMERO [55] 3541 0700.                                                         000040
1AAA            AAA                            112015283      20120620 N B0000    00000000000200            0101120152831011110000000004490         JN171011000000000000000120000000000000000000000000000000000000000000001000000320727084MARCELE DA SILVA                        AV. 20 DE SETEMBRO, N139AP.01, CERRO LAR00000000000 9790000000000                                                       000041
2           112015283COBRAR MULTA DE $VALORMULTA APOS O VENCIMENTO                                   COBRAR JUROS DE $VALORJUROSDIARIOS AO DIA APOS O VENCIMENTO                     SUJEITO A SUSPENSAO DO SERVICO APOS 30 DIAS DE VENCIDO                          A CENTRAL DE ATENDIMENTO ASSISNET ESTA COM NOVO NUMERO [55] 3541 0700.          0112015283                                           000042
5E013060112015283 A01COBRAR MULTA DE $VALORMULTA APOS O VENCIMENTO                                   02COBRAR JUROS DE $VALORJUROSDIARIOS AO DIA APOS O VENCIMENTO                     03SUJEITO A SUSPENSAO DO SERVICO APOS 30 DIAS DE VENCIDO                          04A CENTRAL DE ATENDIMENTO ASSISNET ESTA COM NOVO NUMERO [55] 3541 0700.                                                         000043
1AAA            AAA                            112017731      20120620 N B0000    00000000000200            0101120177311011110000000004055         JN171011000000000000000110000000000000000000000000000000000000000000001000001585017051TOBIAS DE OLIVEIRA                      RUA DOM FELIPE DE NADAL , N603, SANTO CR00000000000 9896000000000                                                       000044
2           112017731COBRAR MULTA DE $VALORMULTA APOS O VENCIMENTO                                   COBRAR JUROS DE $VALORJUROSDIARIOS AO DIA APOS O VENCIMENTO                     SUJEITO A SUSPENSAO DO SERVICO APOS 30 DIAS DE VENCIDO                          A CENTRAL DE ATENDIMENTO ASSISNET ESTA COM NOVO NUMERO [55] 3541 0700.          0112017731                                           000045
5E013060112017731 A01COBRAR MULTA DE $VALORMULTA APOS O VENCIMENTO                                   02COBRAR JUROS DE $VALORJUROSDIARIOS AO DIA APOS O VENCIMENTO                     03SUJEITO A SUSPENSAO DO SERVICO APOS 30 DIAS DE VENCIDO                          04A CENTRAL DE ATENDIMENTO ASSISNET ESTA COM NOVO NUMERO [55] 3541 0700.                                                         000046
1AAA            AAA                            112018347      20120620 N B0000    00000000000200            0101120183471011110000000004490         JN171011000000000000000120000000000000000000000000000000000000000000001000002420624076LUIZ ALBERTO RENNER                     RUA BARAO DE RIO BRANCO, N549, SAO PAULO00000000000 9798000000000                                                       000047
2           112018347COBRAR MULTA DE $VALORMULTA APOS O VENCIMENTO                                   COBRAR JUROS DE $VALORJUROSDIARIOS AO DIA APOS O VENCIMENTO                     SUJEITO A SUSPENSAO DO SERVICO APOS 30 DIAS DE VENCIDO                          A CENTRAL DE ATENDIMENTO ASSISNET ESTA COM NOVO NUMERO [55] 3541 0700.          0112018347                                           000048
5E013060112018347 A01COBRAR MULTA DE $VALORMULTA APOS O VENCIMENTO                                   02COBRAR JUROS DE $VALORJUROSDIARIOS AO DIA APOS O VENCIMENTO                     03SUJEITO A SUSPENSAO DO SERVICO APOS 30 DIAS DE VENCIDO                          04A CENTRAL DE ATENDIMENTO ASSISNET ESTA COM NOVO NUMERO [55] 3541 0700.                                                         000049
1AAA            AAA                            112019041      20120620 N B0000    00000000000200            0101120190411011110000000004490         JN171011000000000000000120000000000000000000000000000000000000000000001000000095308008LUCELIA ROBESKI RIBAS                   RUA MATHIAS BART, N290, CERRO LARGO - RS00000000000 9790000000000                                                       000050
2           112019041COBRAR MULTA DE $VALORMULTA APOS O VENCIMENTO                                   COBRAR JUROS DE $VALORJUROSDIARIOS AO DIA APOS O VENCIMENTO                     SUJEITO A SUSPENSAO DO SERVICO APOS 30 DIAS DE VENCIDO                          A CENTRAL DE ATENDIMENTO ASSISNET ESTA COM NOVO NUMERO [55] 3541 0700.          0112019041                                           000051
5E013060112019041 A01COBRAR MULTA DE $VALORMULTA APOS O VENCIMENTO                                   02COBRAR JUROS DE $VALORJUROSDIARIOS AO DIA APOS O VENCIMENTO                     03SUJEITO A SUSPENSAO DO SERVICO APOS 30 DIAS DE VENCIDO                          04A CENTRAL DE ATENDIMENTO ASSISNET ESTA COM NOVO NUMERO [55] 3541 0700.                                                         000052
1AAA            AAA                            112019467      20120620 N B0000    00000000000200            0101120194671011110000000004490         JN171011000000000000000120000000000000000000000000000000000000000000001000066411980063MARLI RIBEIRO STANKOWSKI                RUA JOSE KOLANKIEWCZ, N248, GUARANI DAS 00000000000 9795000000000                                                       000053
2           112019467COBRAR MULTA DE $VALORMULTA APOS O VENCIMENTO                                   COBRAR JUROS DE $VALORJUROSDIARIOS AO DIA APOS O VENCIMENTO                     SUJEITO A SUSPENSAO DO SERVICO APOS 30 DIAS DE VENCIDO                          A CENTRAL DE ATENDIMENTO ASSISNET ESTA COM NOVO NUMERO [55] 3541 0700.          0112019467                                           000054
5E013060112019467 A01COBRAR MULTA DE $VALORMULTA APOS O VENCIMENTO                                   02COBRAR JUROS DE $VALORJUROSDIARIOS AO DIA APOS O VENCIMENTO                     03SUJEITO A SUSPENSAO DO SERVICO APOS 30 DIAS DE VENCIDO                          04A CENTRAL DE ATENDIMENTO ASSISNET ESTA COM NOVO NUMERO [55] 3541 0700.                                                         000055
1AAA            AAA                            112020031      20120620 N B0000    00000000000200            0101120200311011110000000004490         JN171011000000000000000120000000000000000000000000000000000000000000001000001429340037DIONE JOEL DE LIMA GONCALVES            RUA AUGUSTO KLIEMANN, N569, CERRO LARGO 00000000000 9790000000000                                                       000056
2           112020031COBRAR MULTA DE $VALORMULTA APOS O VENCIMENTO                                   COBRAR JUROS DE $VALORJUROSDIARIOS AO DIA APOS O VENCIMENTO                     SUJEITO A SUSPENSAO DO SERVICO APOS 30 DIAS DE VENCIDO                          A CENTRAL DE ATENDIMENTO ASSISNET ESTA COM NOVO NUMERO [55] 3541 0700.          0112020031                                           000057
5E013060112020031 A01COBRAR MULTA DE $VALORMULTA APOS O VENCIMENTO                                   02COBRAR JUROS DE $VALORJUROSDIARIOS AO DIA APOS O VENCIMENTO                     03SUJEITO A SUSPENSAO DO SERVICO APOS 30 DIAS DE VENCIDO                          04A CENTRAL DE ATENDIMENTO ASSISNET ESTA COM NOVO NUMERO [55] 3541 0700.                                                         000058
1AAA            AAA                            112020180      20120620 N B0000    00000000000200            0101120201801011110000000005990         JN171011000000000000000160000000000000000000000000000000000000000000001000002002703035PAULO ROBERTO DALLA CORTE               RUA JOSE POSSOBOM, N33, CATUIPE - RS    00000000000 9877000000000                                                       000059
2           112020180COBRAR MULTA DE $VALORMULTA APOS O VENCIMENTO                                   COBRAR JUROS DE $VALORJUROSDIARIOS AO DIA APOS O VENCIMENTO                     SUJEITO A SUSPENSAO DO SERVICO APOS 30 DIAS DE VENCIDO                          A CENTRAL DE ATENDIMENTO ASSISNET ESTA COM NOVO NUMERO [55] 3541 0700.          0112020180                                           000060
5E013060112020180 A01COBRAR MULTA DE $VALORMULTA APOS O VENCIMENTO                                   02COBRAR JUROS DE $VALORJUROSDIARIOS AO DIA APOS O VENCIMENTO                     03SUJEITO A SUSPENSAO DO SERVICO APOS 30 DIAS DE VENCIDO                          04A CENTRAL DE ATENDIMENTO ASSISNET ESTA COM NOVO NUMERO [55] 3541 0700.                                                         000061
1AAA            AAA                            112021364      20120620 N B0000    00000000000200            0101120213641011110000000004490         JN171011000000000000000120000000000000000000000000000000000000000000001000001360844007RENATO ANDRE VOGEL                      AV 20 DE SETEMBRO, N171, CERRO LARGO - R00000000000 9790000000000                                                       000062
2           112021364COBRAR MULTA DE $VALORMULTA APOS O VENCIMENTO                                   COBRAR JUROS DE $VALORJUROSDIARIOS AO DIA APOS O VENCIMENTO                     SUJEITO A SUSPENSAO DO SERVICO APOS 30 DIAS DE VENCIDO                          A CENTRAL DE ATENDIMENTO ASSISNET ESTA COM NOVO NUMERO [55] 3541 0700.          0112021364                                           000063
5E013060112021364 A01COBRAR MULTA DE $VALORMULTA APOS O VENCIMENTO                                   02COBRAR JUROS DE $VALORJUROSDIARIOS AO DIA APOS O VENCIMENTO                     03SUJEITO A SUSPENSAO DO SERVICO APOS 30 DIAS DE VENCIDO                          04A CENTRAL DE ATENDIMENTO ASSISNET ESTA COM NOVO NUMERO [55] 3541 0700.                                                         000064
1AAA            AAA                            112023260      20120620 N B0000    00000000000200            0101120232601011110000000004490         JN171011000000000000000120000000000000000000000000000000000000000000001000001942010079SILVANA SILVA DE ALMEIDA                RUA SAO JOAO, N456, SAO MIGUEL DAS MISSO00000000000 9886500000000                                                       000065
2           112023260COBRAR MULTA DE $VALORMULTA APOS O VENCIMENTO                                   COBRAR JUROS DE $VALORJUROSDIARIOS AO DIA APOS O VENCIMENTO                     SUJEITO A SUSPENSAO DO SERVICO APOS 30 DIAS DE VENCIDO                          A CENTRAL DE ATENDIMENTO ASSISNET ESTA COM NOVO NUMERO [55] 3541 0700.          0112023260                                           000066
5E013060112023260 A01COBRAR MULTA DE $VALORMULTA APOS O VENCIMENTO                                   02COBRAR JUROS DE $VALORJUROSDIARIOS AO DIA APOS O VENCIMENTO                     03SUJEITO A SUSPENSAO DO SERVICO APOS 30 DIAS DE VENCIDO                          04A CENTRAL DE ATENDIMENTO ASSISNET ESTA COM NOVO NUMERO [55] 3541 0700.                                                         000067
1AAA            AAA                            112025742      20120620 N B0000    00000000000200            0101120257421011110000000005990         JN171011000000000000000160000000000000000000000000000000000000000000001000069266425087LEILA SIMONE LERMEN                     RUA DALTRO FILHO, N493, CERRO LARGO - RS00000000000 9790000000000                                                       000068
2           112025742COBRAR MULTA DE $VALORMULTA APOS O VENCIMENTO                                   COBRAR JUROS DE $VALORJUROSDIARIOS AO DIA APOS O VENCIMENTO                     SUJEITO A SUSPENSAO DO SERVICO APOS 30 DIAS DE VENCIDO                          A CENTRAL DE ATENDIMENTO ASSISNET ESTA COM NOVO NUMERO [55] 3541 0700.          0112025742                                           000069
5E013060112025742 A01COBRAR MULTA DE $VALORMULTA APOS O VENCIMENTO                                   02COBRAR JUROS DE $VALORJUROSDIARIOS AO DIA APOS O VENCIMENTO                     03SUJEITO A SUSPENSAO DO SERVICO APOS 30 DIAS DE VENCIDO                          04A CENTRAL DE ATENDIMENTO ASSISNET ESTA COM NOVO NUMERO [55] 3541 0700.                                                         000070
1AAA            AAA                            112026420      20120620 N B0000    00000000000200            0101120264200501120000000005990         JN171011000000000000000160000000000000000000000000000000000000000000001000098740563049BRUNO CESAR SEIBERT                     RUA DUQUE DE CAXIAS, N713APTO 31, SANTO 00000000000 9896000000000                                                       000071
2           112026420COBRAR MULTA DE $VALORMULTA APOS O VENCIMENTO                                   COBRAR JUROS DE $VALORJUROSDIARIOS AO DIA APOS O VENCIMENTO                     SUJEITO A SUSPENSAO DO SERVICO APOS 30 DIAS DE VENCIDO                          A CENTRAL DE ATENDIMENTO ASSISNET ESTA COM NOVO NUMERO [55] 3541 0700.          0112026420                                           000072
5E013060112026420 A01COBRAR MULTA DE $VALORMULTA APOS O VENCIMENTO                                   02COBRAR JUROS DE $VALORJUROSDIARIOS AO DIA APOS O VENCIMENTO                     03SUJEITO A SUSPENSAO DO SERVICO APOS 30 DIAS DE VENCIDO                          04A CENTRAL DE ATENDIMENTO ASSISNET ESTA COM NOVO NUMERO [55] 3541 0700.                                                         000073
1AAA            AAA                            112026633      20120620 N B0000    00000000000200            0101120266331712110000000004490         JN171011000000000000000120000000000000000000000000000000000000000000001000001648040055FABIANE CRISTINA JASKULSKI LAUTHART     BECO CAMINHO LESTE, N50, SANTA ROSA - RS00000000000 9890000000000                                                       000074
2           112026633COBRAR MULTA DE $VALORMULTA APOS O VENCIMENTO                                   COBRAR JUROS DE $VALORJUROSDIARIOS AO DIA APOS O VENCIMENTO                     SUJEITO A SUSPENSAO DO SERVICO APOS 30 DIAS DE VENCIDO                          A CENTRAL DE ATENDIMENTO ASSISNET ESTA COM NOVO NUMERO [55] 3541 0700.          0112026633                                           000075
5E013060112026633 A01COBRAR MULTA DE $VALORMULTA APOS O VENCIMENTO                                   02COBRAR JUROS DE $VALORJUROSDIARIOS AO DIA APOS O VENCIMENTO                     03SUJEITO A SUSPENSAO DO SERVICO APOS 30 DIAS DE VENCIDO                          04A CENTRAL DE ATENDIMENTO ASSISNET ESTA COM NOVO NUMERO [55] 3541 0700.                                                         000076
1AAA            AAA                            112027435      20120620 N B0000    00000000000200            0101120274351011110000000004490         JN171011000000000000000120000000000000000000000000000000000000000000001000043333478072ANGELA MARIA WELTER KOLANKIDWICZ        RUA COMANDAI, N759, GUARANI DAS MISSOES 00000000000 9795000000000                                                       000077
2           112027435COBRAR MULTA DE $VALORMULTA APOS O VENCIMENTO                                   COBRAR JUROS DE $VALORJUROSDIARIOS AO DIA APOS O VENCIMENTO                     SUJEITO A SUSPENSAO DO SERVICO APOS 30 DIAS DE VENCIDO                          A CENTRAL DE ATENDIMENTO ASSISNET ESTA COM NOVO NUMERO [55] 3541 0700.          0112027435                                           000078
5E013060112027435 A01COBRAR MULTA DE $VALORMULTA APOS O VENCIMENTO                                   02COBRAR JUROS DE $VALORJUROSDIARIOS AO DIA APOS O VENCIMENTO                     03SUJEITO A SUSPENSAO DO SERVICO APOS 30 DIAS DE VENCIDO                          04A CENTRAL DE ATENDIMENTO ASSISNET ESTA COM NOVO NUMERO [55] 3541 0700.                                                         000079
1AAA            AAA                            112028318      20120620 N B0000    00000000000200            0101120283181612110000000004490         JN171011000000000000000120000000000000000000000000000000000000000000001000098006592004EDERSON COLATTO                         AV. RIO BRANCO, N182EXATUS, CATUIPE - RS00000000000 9877000000000                                                       000080
2           112028318COBRAR MULTA DE $VALORMULTA APOS O VENCIMENTO                                   COBRAR JUROS DE $VALORJUROSDIARIOS AO DIA APOS O VENCIMENTO                     SUJEITO A SUSPENSAO DO SERVICO APOS 30 DIAS DE VENCIDO                          A CENTRAL DE ATENDIMENTO ASSISNET ESTA COM NOVO NUMERO [55] 3541 0700.          0112028318                                           000081
5E013060112028318 A01COBRAR MULTA DE $VALORMULTA APOS O VENCIMENTO                                   02COBRAR JUROS DE $VALORJUROSDIARIOS AO DIA APOS O VENCIMENTO                     03SUJEITO A SUSPENSAO DO SERVICO APOS 30 DIAS DE VENCIDO                          04A CENTRAL DE ATENDIMENTO ASSISNET ESTA COM NOVO NUMERO [55] 3541 0700.                                                         000082
1AAA            AAA                            112028504      20120620 N B0000    00000000000200            0101120285041011110000000008900         JN171011000000000000000230000000000000000000000000000000000000000000001000000113087020DANIEL OTT KRUG                         AV. MANAUS, N240, IJUI - RS             00000000000 0987000000000                                                       000083
2           112028504COBRAR MULTA DE $VALORMULTA APOS O VENCIMENTO                                   COBRAR JUROS DE $VALORJUROSDIARIOS AO DIA APOS O VENCIMENTO                     SUJEITO A SUSPENSAO DO SERVICO APOS 30 DIAS DE VENCIDO                          A CENTRAL DE ATENDIMENTO ASSISNET ESTA COM NOVO NUMERO [55] 3541 0700.          0112028504                                           000084
5E013060112028504 A01COBRAR MULTA DE $VALORMULTA APOS O VENCIMENTO                                   02COBRAR JUROS DE $VALORJUROSDIARIOS AO DIA APOS O VENCIMENTO                     03SUJEITO A SUSPENSAO DO SERVICO APOS 30 DIAS DE VENCIDO                          04A CENTRAL DE ATENDIMENTO ASSISNET ESTA COM NOVO NUMERO [55] 3541 0700.                                                         000085
1AAA            AAA                            112029292      20120620 N B0000    00000000000200            0101120292922601120000000005491         JN171011000000000000000140000000000000000000000000000000000000000000001000093432100000DIRLENE DE FATIMA RIBAS MACIEL          AV. DOS JESUITAS, N510, SAO MIGUEL DAS M00000000000 9886500000000                                                       000086
2           112029292COBRAR MULTA DE $VALORMULTA APOS O VENCIMENTO                                   COBRAR JUROS DE $VALORJUROSDIARIOS AO DIA APOS O VENCIMENTO                     SUJEITO A SUSPENSAO DO SERVICO APOS 30 DIAS DE VENCIDO                          A CENTRAL DE ATENDIMENTO ASSISNET ESTA COM NOVO NUMERO [55] 3541 0700.          0112029292                                           000087
5E013060112029292 A01COBRAR MULTA DE $VALORMULTA APOS O VENCIMENTO                                   02COBRAR JUROS DE $VALORJUROSDIARIOS AO DIA APOS O VENCIMENTO                     03SUJEITO A SUSPENSAO DO SERVICO APOS 30 DIAS DE VENCIDO                          04A CENTRAL DE ATENDIMENTO ASSISNET ESTA COM NOVO NUMERO [55] 3541 0700.                                                         000088
1AAA            AAA                            112030177      20120620 N B0000    00000000000200            0101120301771011110000000004490         JN171011000000000000000120000000000000000000000000000000000000000000001000058119191072SONIA MARIA STEFLER ROOS                VILA SANTA CATARINA, NS/N, SALVADOR DAS 00000000000 9794000000000                                                       000089
2           112030177COBRAR MULTA DE $VALORMULTA APOS O VENCIMENTO                                   COBRAR JUROS DE $VALORJUROSDIARIOS AO DIA APOS O VENCIMENTO                     SUJEITO A SUSPENSAO DO SERVICO APOS 30 DIAS DE VENCIDO                          A CENTRAL DE ATENDIMENTO ASSISNET ESTA COM NOVO NUMERO [55] 3541 0700.          0112030177                                           000090
5E013060112030177 A01COBRAR MULTA DE $VALORMULTA APOS O VENCIMENTO                                   02COBRAR JUROS DE $VALORJUROSDIARIOS AO DIA APOS O VENCIMENTO                     03SUJEITO A SUSPENSAO DO SERVICO APOS 30 DIAS DE VENCIDO                          04A CENTRAL DE ATENDIMENTO ASSISNET ESTA COM NOVO NUMERO [55] 3541 0700.                                                         000091
1AAA            AAA                            112030746      20120620 N B0000    00000000000200            0101120307461011110000000004490         JN171011000000000000000120000000000000000000000000000000000000000000001000046476342053LUIS ANTONIO FIDELIS DA SILVA           GUIA LOPES, NSNPOSTO DO ILDO, SANTA ROSA00000000000 9890000000000                                                       000092
2           112030746COBRAR MULTA DE $VALORMULTA APOS O VENCIMENTO                                   COBRAR JUROS DE $VALORJUROSDIARIOS AO DIA APOS O VENCIMENTO                     SUJEITO A SUSPENSAO DO SERVICO APOS 30 DIAS DE VENCIDO                          A CENTRAL DE ATENDIMENTO ASSISNET ESTA COM NOVO NUMERO [55] 3541 0700.          0112030746                                           000093
5E013060112030746 A01COBRAR MULTA DE $VALORMULTA APOS O VENCIMENTO                                   02COBRAR JUROS DE $VALORJUROSDIARIOS AO DIA APOS O VENCIMENTO                     03SUJEITO A SUSPENSAO DO SERVICO APOS 30 DIAS DE VENCIDO                          04A CENTRAL DE ATENDIMENTO ASSISNET ESTA COM NOVO NUMERO [55] 3541 0700.                                                         000094
1AAA            AAA                            112031742      20120620 N B0000    00000000000200            0101120317421011110000000004490         JN171011000000000000000120000000000000000000000000000000000000000000001000090241746000ROSELI FENNER EIDT                      VILA DONA OTILIA, N1665, ROQUE GONZALES 00000000000 9797300000000                                                       000095
2           112031742COBRAR MULTA DE $VALORMULTA APOS O VENCIMENTO                                   COBRAR JUROS DE $VALORJUROSDIARIOS AO DIA APOS O VENCIMENTO                     SUJEITO A SUSPENSAO DO SERVICO APOS 30 DIAS DE VENCIDO                          A CENTRAL DE ATENDIMENTO ASSISNET ESTA COM NOVO NUMERO [55] 3541 0700.          0112031742                                           000096
5E013060112031742 A01COBRAR MULTA DE $VALORMULTA APOS O VENCIMENTO                                   02COBRAR JUROS DE $VALORJUROSDIARIOS AO DIA APOS O VENCIMENTO                     03SUJEITO A SUSPENSAO DO SERVICO APOS 30 DIAS DE VENCIDO                          04A CENTRAL DE ATENDIMENTO ASSISNET ESTA COM NOVO NUMERO [55] 3541 0700.                                                         000097
1AAA            AAA                            112032030      20120620 N B0000    00000000000200            0101120320302607120000000005390         JN171011000000000000000140000000000000000000000000000000000000000000001000069537437000VILSON LUIS KITZMANN                    RUA CRUZ ALTA, N72, NOVO MACHADO - RS   00000000000 9895500000000                                                       000098
2           112032030COBRAR MULTA DE $VALORMULTA APOS O VENCIMENTO                                   COBRAR JUROS DE $VALORJUROSDIARIOS AO DIA APOS O VENCIMENTO                     SUJEITO A SUSPENSAO DO SERVICO APOS 30 DIAS DE VENCIDO                          A CENTRAL DE ATENDIMENTO ASSISNET ESTA COM NOVO NUMERO [55] 3541 0700.          0112032030                                           000099
5E013060112032030 A01COBRAR MULTA DE $VALORMULTA APOS O VENCIMENTO                                   02COBRAR JUROS DE $VALORJUROSDIARIOS AO DIA APOS O VENCIMENTO                     03SUJEITO A SUSPENSAO DO SERVICO APOS 30 DIAS DE VENCIDO                          04A CENTRAL DE ATENDIMENTO ASSISNET ESTA COM NOVO NUMERO [55] 3541 0700.                                                         000100
1AAA            AAA                            112032668      20120620 N B0000    00000000000200            0101120326681011110000000004490         JN171011000000000000000120000000000000000000000000000000000000000000001000001208034022JOEL REIS DA SILVA                      RUA FELIPE GUTH, N47, CERRO LARGO - RS  00000000000 9790000000000                                                       000101
2           112032668COBRAR MULTA DE $VALORMULTA APOS O VENCIMENTO                                   COBRAR JUROS DE $VALORJUROSDIARIOS AO DIA APOS O VENCIMENTO                     SUJEITO A SUSPENSAO DO SERVICO APOS 30 DIAS DE VENCIDO                          A CENTRAL DE ATENDIMENTO ASSISNET ESTA COM NOVO NUMERO [55] 3541 0700.          0112032668                                           000102
5E013060112032668 A01COBRAR MULTA DE $VALORMULTA APOS O VENCIMENTO                                   02COBRAR JUROS DE $VALORJUROSDIARIOS AO DIA APOS O VENCIMENTO                     03SUJEITO A SUSPENSAO DO SERVICO APOS 30 DIAS DE VENCIDO                          04A CENTRAL DE ATENDIMENTO ASSISNET ESTA COM NOVO NUMERO [55] 3541 0700.                                                         000103
1AAA            AAA                            112033567      20120620 N B0000    00000000000200            0101120335671011110000000004490         JN171011000000000000000120000000000000000000000000000000000000000000001000002666819051LEILA ELEGDA                            RUA MONSENHOR WOLSKI, N871, SAO PAULO DA00000000000 9798000000000                                                       000104
2           112033567COBRAR MULTA DE $VALORMULTA APOS O VENCIMENTO                                   COBRAR JUROS DE $VALORJUROSDIARIOS AO DIA APOS O VENCIMENTO                     SUJEITO A SUSPENSAO DO SERVICO APOS 30 DIAS DE VENCIDO                          A CENTRAL DE ATENDIMENTO ASSISNET ESTA COM NOVO NUMERO [55] 3541 0700.          0112033567                                           000105
5E013060112033567 A01COBRAR MULTA DE $VALORMULTA APOS O VENCIMENTO                                   02COBRAR JUROS DE $VALORJUROSDIARIOS AO DIA APOS O VENCIMENTO                     03SUJEITO A SUSPENSAO DO SERVICO APOS 30 DIAS DE VENCIDO                          04A CENTRAL DE ATENDIMENTO ASSISNET ESTA COM NOVO NUMERO [55] 3541 0700.                                                         000106
1AAA            AAA                            112034121      20120620 N B0000    00000000000200            0101120341211011110000000004900         JN171011000000000000000130000000000000000000000000000000000000000000001000036621650078JOSE ALTAIR DE CASTRO DORNELES          RUA LUIS DA ROCHA GUTERRTS, N0324, IJUI 00000000000 9870000000000                                                       000107
2           112034121COBRAR MULTA DE $VALORMULTA APOS O VENCIMENTO                                   COBRAR JUROS DE $VALORJUROSDIARIOS AO DIA APOS O VENCIMENTO                     SUJEITO A SUSPENSAO DO SERVICO APOS 30 DIAS DE VENCIDO                          A CENTRAL DE ATENDIMENTO ASSISNET ESTA COM NOVO NUMERO [55] 3541 0700.          0112034121                                           000108
5E013060112034121 A01COBRAR MULTA DE $VALORMULTA APOS O VENCIMENTO                                   02COBRAR JUROS DE $VALORJUROSDIARIOS AO DIA APOS O VENCIMENTO                     03SUJEITO A SUSPENSAO DO SERVICO APOS 30 DIAS DE VENCIDO                          04A CENTRAL DE ATENDIMENTO ASSISNET ESTA COM NOVO NUMERO [55] 3541 0700.                                                         000109
1AAA            AAA                            112034580      20120620 N B0000    00000000000200            0101120345801011110000000007990         JN171011000000000000000210000000000000000000000000000000000000000000001000081258780097GERSON LUIS FITZ                        RUA INDEPENDENCIA, N1430, NOVO MACHADO -00000000000 9895500000000                                                       000110
2           112034580COBRAR MULTA DE $VALORMULTA APOS O VENCIMENTO                                   COBRAR JUROS DE $VALORJUROSDIARIOS AO DIA APOS O VENCIMENTO                     SUJEITO A SUSPENSAO DO SERVICO APOS 30 DIAS DE VENCIDO                          A CENTRAL DE ATENDIMENTO ASSISNET ESTA COM NOVO NUMERO [55] 3541 0700.          0112034580                                           000111
5E013060112034580 A01COBRAR MULTA DE $VALORMULTA APOS O VENCIMENTO                                   02COBRAR JUROS DE $VALORJUROSDIARIOS AO DIA APOS O VENCIMENTO                     03SUJEITO A SUSPENSAO DO SERVICO APOS 30 DIAS DE VENCIDO                          04A CENTRAL DE ATENDIMENTO ASSISNET ESTA COM NOVO NUMERO [55] 3541 0700.                                                         000112
1AAA            AAA                            112034741      20120620 N B0000    00000000000200            0101120347411011110000000008900         JN171011000000000000000230000000000000000000000000000000000000000000001000028544439004RICARDO ANDRE MIRON                     RUA PARANA, N332APTO 602, IJUI - RS     00000000000 9870000000000                                                       000113
2           112034741COBRAR MULTA DE $VALORMULTA APOS O VENCIMENTO                                   COBRAR JUROS DE $VALORJUROSDIARIOS AO DIA APOS O VENCIMENTO                     SUJEITO A SUSPENSAO DO SERVICO APOS 30 DIAS DE VENCIDO                          A CENTRAL DE ATENDIMENTO ASSISNET ESTA COM NOVO NUMERO [55] 3541 0700.          0112034741                                           000114
5E013060112034741 A01COBRAR MULTA DE $VALORMULTA APOS O VENCIMENTO                                   02COBRAR JUROS DE $VALORJUROSDIARIOS AO DIA APOS O VENCIMENTO                     03SUJEITO A SUSPENSAO DO SERVICO APOS 30 DIAS DE VENCIDO                          04A CENTRAL DE ATENDIMENTO ASSISNET ESTA COM NOVO NUMERO [55] 3541 0700.                                                         000115
1AAA            AAA                            112034784      20120620 N B0000    00000000000200            0101120347841011110000000008900         JN171011000000000000000230000000000000000000000000000000000000000000001000003539447008TAISE CINEIA DO AMARAL KROMBER          RUA REINOLDO STEINHAUS, NSNRES.L DOM ANT00000000000 9870000000000                                                       000116
2           112034784COBRAR MULTA DE $VALORMULTA APOS O VENCIMENTO                                   COBRAR JUROS DE $VALORJUROSDIARIOS AO DIA APOS O VENCIMENTO                     SUJEITO A SUSPENSAO DO SERVICO APOS 30 DIAS DE VENCIDO                          A CENTRAL DE ATENDIMENTO ASSISNET ESTA COM NOVO NUMERO [55] 3541 0700.          0112034784                                           000117
5E013060112034784 A01COBRAR MULTA DE $VALORMULTA APOS O VENCIMENTO                                   02COBRAR JUROS DE $VALORJUROSDIARIOS AO DIA APOS O VENCIMENTO                     03SUJEITO A SUSPENSAO DO SERVICO APOS 30 DIAS DE VENCIDO                          04A CENTRAL DE ATENDIMENTO ASSISNET ESTA COM NOVO NUMERO [55] 3541 0700.                                                         000118
1AAA            AAA                            112035012      20120620 N B0000    00000000000200            0101120350122411110000000004490         JN171011000000000000000120000000000000000000000000000000000000000000001000000981162070ISAEL FERREIRA GOMES                    AV. CASTELO BRANCO, N671, GUARANI DAS MI00000000000 9795000000000                                                       000119
2           112035012COBRAR MULTA DE $VALORMULTA APOS O VENCIMENTO                                   COBRAR JUROS DE $VALORJUROSDIARIOS AO DIA APOS O VENCIMENTO                     SUJEITO A SUSPENSAO DO SERVICO APOS 30 DIAS DE VENCIDO                          A CENTRAL DE ATENDIMENTO ASSISNET ESTA COM NOVO NUMERO [55] 3541 0700.          0112035012                                           000120
5E013060112035012 A01COBRAR MULTA DE $VALORMULTA APOS O VENCIMENTO                                   02COBRAR JUROS DE $VALORJUROSDIARIOS AO DIA APOS O VENCIMENTO                     03SUJEITO A SUSPENSAO DO SERVICO APOS 30 DIAS DE VENCIDO                          04A CENTRAL DE ATENDIMENTO ASSISNET ESTA COM NOVO NUMERO [55] 3541 0700.                                                         000121
1AAA            AAA                            112035560      20120620 N B0000    00000000000200            0101120355601011110000000005987         JN171011000000000000000160000000000000000000000000000000000000000000001000072016671068MARIA SELSI DOS SANTOS                  RUA PRESIDENTE VARGAS, N868, SAO PAULO D00000000000 9798000000000                                                       000122
2           112035560COBRAR MULTA DE $VALORMULTA APOS O VENCIMENTO                                   COBRAR JUROS DE $VALORJUROSDIARIOS AO DIA APOS O VENCIMENTO                     SUJEITO A SUSPENSAO DO SERVICO APOS 30 DIAS DE VENCIDO                          A CENTRAL DE ATENDIMENTO ASSISNET ESTA COM NOVO NUMERO [55] 3541 0700.          0112035560                                           000123
5E013060112035560 A01COBRAR MULTA DE $VALORMULTA APOS O VENCIMENTO                                   02COBRAR JUROS DE $VALORJUROSDIARIOS AO DIA APOS O VENCIMENTO                     03SUJEITO A SUSPENSAO DO SERVICO APOS 30 DIAS DE VENCIDO                          04A CENTRAL DE ATENDIMENTO ASSISNET ESTA COM NOVO NUMERO [55] 3541 0700.                                                         000124
1AAA            AAA                            112035721      20120620 N B0000    00000000000200            0101120357211011110000000005089         JN171011000000000000000130000000000000000000000000000000000000000000001000074937316087MARLI TEREZINHA LEMOS                   GUIA LOPES, NSN, SANTA ROSA - RS        00000000000 9890000000000                                                       000125
2           112035721COBRAR MULTA DE $VALORMULTA APOS O VENCIMENTO                                   COBRAR JUROS DE $VALORJUROSDIARIOS AO DIA APOS O VENCIMENTO                     SUJEITO A SUSPENSAO DO SERVICO APOS 30 DIAS DE VENCIDO                          A CENTRAL DE ATENDIMENTO ASSISNET ESTA COM NOVO NUMERO [55] 3541 0700.          0112035721                                           000126
5E013060112035721 A01COBRAR MULTA DE $VALORMULTA APOS O VENCIMENTO                                   02COBRAR JUROS DE $VALORJUROSDIARIOS AO DIA APOS O VENCIMENTO                     03SUJEITO A SUSPENSAO DO SERVICO APOS 30 DIAS DE VENCIDO                          04A CENTRAL DE ATENDIMENTO ASSISNET ESTA COM NOVO NUMERO [55] 3541 0700.                                                         000127
1AAA            AAA                            112036213      20120620 N B0000    00000000000200            0101120362132311110000000003042         JN171011000000000000000080000000000000000000000000000000000000000000001000002214723048JADER DA ROSA MOREIRA                   RS 168, N1175, ROQUE GONZALES - RS      00000000000 9797000000000                                                       000128
2           112036213COBRAR MULTA DE $VALORMULTA APOS O VENCIMENTO                                   COBRAR JUROS DE $VALORJUROSDIARIOS AO DIA APOS O VENCIMENTO                     SUJEITO A SUSPENSAO DO SERVICO APOS 30 DIAS DE VENCIDO                          A CENTRAL DE ATENDIMENTO ASSISNET ESTA COM NOVO NUMERO [55] 3541 0700.          0112036213                                           000129
5E013060112036213 A01COBRAR MULTA DE $VALORMULTA APOS O VENCIMENTO                                   02COBRAR JUROS DE $VALORJUROSDIARIOS AO DIA APOS O VENCIMENTO                     03SUJEITO A SUSPENSAO DO SERVICO APOS 30 DIAS DE VENCIDO                          04A CENTRAL DE ATENDIMENTO ASSISNET ESTA COM NOVO NUMERO [55] 3541 0700.                                                         000130
1AAA            AAA                            112036728      20120620 N B0000    00000000000200            0101120367281011110000000003478         JN191011000000000000000090000000000000000000000000000000000000000000001000060259949000MARIA SOLANGE BARBOSA                   RUA PE. JOSE INACIO SCHARDONG, N1282, CE00000000000 9790000000000                                                       000131
2           112036728COBRAR MULTA DE $VALORMULTA APOS O VENCIMENTO                                   COBRAR JUROS DE $VALORJUROSDIARIOS AO DIA APOS O VENCIMENTO                     SUJEITO A SUSPENSAO DO SERVICO APOS 30 DIAS DE VENCIDO                          A CENTRAL DE ATENDIMENTO ASSISNET ESTA COM NOVO NUMERO [55] 3541 0700.          0112036728                                           000132
5E013060112036728 A01COBRAR MULTA DE $VALORMULTA APOS O VENCIMENTO                                   02COBRAR JUROS DE $VALORJUROSDIARIOS AO DIA APOS O VENCIMENTO                     03SUJEITO A SUSPENSAO DO SERVICO APOS 30 DIAS DE VENCIDO                          04A CENTRAL DE ATENDIMENTO ASSISNET ESTA COM NOVO NUMERO [55] 3541 0700.                                                         000133
1AAA            AAA                            112036825      20120620 N B0000    00000000000200            0101120368252607120000000003478         JN211011000000000000000090000000000000000000000000000000000000000000001000093834616087GELSON LUIS MAGANHA                     RUA BEIJA-FLOR, N24, SANTA ROSA - RS    00000000000 9890000000000                                                       000134
2           112036825COBRAR MULTA DE $VALORMULTA APOS O VENCIMENTO                                   COBRAR JUROS DE $VALORJUROSDIARIOS AO DIA APOS O VENCIMENTO                     SUJEITO A SUSPENSAO DO SERVICO APOS 30 DIAS DE VENCIDO                          A CENTRAL DE ATENDIMENTO ASSISNET ESTA COM NOVO NUMERO [55] 3541 0700.          0112036825                                           000135
5E013060112036825 A01COBRAR MULTA DE $VALORMULTA APOS O VENCIMENTO                                   02COBRAR JUROS DE $VALORJUROSDIARIOS AO DIA APOS O VENCIMENTO                     03SUJEITO A SUSPENSAO DO SERVICO APOS 30 DIAS DE VENCIDO                          04A CENTRAL DE ATENDIMENTO ASSISNET ESTA COM NOVO NUMERO [55] 3541 0700.                                                         000136
1AAA            AAA                            112036906      20120620 N B0000    00000000000200            0101120369061011110000000003188         JN241011000000000000000080000000000000000000000000000000000000000000001000000520854063CRISLENE SIQUEIRA MEIRELLES DA ROSA     RUA HENRIQUE THOMAS, N1185, CERRO LARGO 00000000000 9790000000000                                                       000137
2           112036906COBRAR MULTA DE $VALORMULTA APOS O VENCIMENTO                                   COBRAR JUROS DE $VALORJUROSDIARIOS AO DIA APOS O VENCIMENTO                     SUJEITO A SUSPENSAO DO SERVICO APOS 30 DIAS DE VENCIDO                          A CENTRAL DE ATENDIMENTO ASSISNET ESTA COM NOVO NUMERO [55] 3541 0700.          0112036906                                           000138
5E013060112036906 A01COBRAR MULTA DE $VALORMULTA APOS O VENCIMENTO                                   02COBRAR JUROS DE $VALORJUROSDIARIOS AO DIA APOS O VENCIMENTO                     03SUJEITO A SUSPENSAO DO SERVICO APOS 30 DIAS DE VENCIDO                          04A CENTRAL DE ATENDIMENTO ASSISNET ESTA COM NOVO NUMERO [55] 3541 0700.                                                         000139
1AAA            AAA                            112036957      20120620 N B0000    00000000000200            0101120369571011110000000003478         JN271011000000000000000090000000000000000000000000000000000000000000001000048939102053PEDRO DINARTE GARCIA DA SILVA           RUA APOLO, N82, SANTA ROSA - RS         00000000000 9890000000000                                                       000140
2           112036957COBRAR MULTA DE $VALORMULTA APOS O VENCIMENTO                                   COBRAR JUROS DE $VALORJUROSDIARIOS AO DIA APOS O VENCIMENTO                     SUJEITO A SUSPENSAO DO SERVICO APOS 30 DIAS DE VENCIDO                          A CENTRAL DE ATENDIMENTO ASSISNET ESTA COM NOVO NUMERO [55] 3541 0700.          0112036957                                           000141
5E013060112036957 A01COBRAR MULTA DE $VALORMULTA APOS O VENCIMENTO                                   02COBRAR JUROS DE $VALORJUROSDIARIOS AO DIA APOS O VENCIMENTO                     03SUJEITO A SUSPENSAO DO SERVICO APOS 30 DIAS DE VENCIDO                          04A CENTRAL DE ATENDIMENTO ASSISNET ESTA COM NOVO NUMERO [55] 3541 0700.                                                         000142
1AAA            AAA                            112037988      20120620 N B0000    00000000000200            0601120379881712110000000007427         JN171111000000000000000190000000000000000000000000000000000000000000001000096289147072ANGELA DE FARIA MARASCHIN               GUIA LOPES, NSNLOTEAMENTO CAPELARI, SANT00000000000 9890000000000                                                       000143
2           112037988COBRAR MULTA DE $VALORMULTA APOS O VENCIMENTO                                   COBRAR JUROS DE $VALORJUROSDIARIOS AO DIA APOS O VENCIMENTO                     SUJEITO A SUSPENSAO DO SERVICO APOS 30 DIAS DE VENCIDO                          A CENTRAL DE ATENDIMENTO ASSISNET ESTA COM NOVO NUMERO [55] 3541 0700.          0112037988                                           000144
5E013060112037988 A01COBRAR MULTA DE $VALORMULTA APOS O VENCIMENTO                                   02COBRAR JUROS DE $VALORJUROSDIARIOS AO DIA APOS O VENCIMENTO                     03SUJEITO A SUSPENSAO DO SERVICO APOS 30 DIAS DE VENCIDO                          04A CENTRAL DE ATENDIMENTO ASSISNET ESTA COM NOVO NUMERO [55] 3541 0700.                                                         000145
1AAA            AAA                            112041390      20120620 N B0000    00000000000200            0601120413901712110000000004040         JN171111000000000000000110000000000000000000000000000000000000000000001000000049273035JUNIO SCHARDONG                         RUA 25 DE JULHO, NS/N, SAO PEDRO DO BUTI00000000000 9792000000000                                                       000146
2           112041390COBRAR MULTA DE $VALORMULTA APOS O VENCIMENTO                                   COBRAR JUROS DE $VALORJUROSDIARIOS AO DIA APOS O VENCIMENTO                     SUJEITO A SUSPENSAO DO SERVICO APOS 30 DIAS DE VENCIDO                          A CENTRAL DE ATENDIMENTO ASSISNET ESTA COM NOVO NUMERO [55] 3541 0700.          0112041390                                           000147
5E013060112041390 A01COBRAR MULTA DE $VALORMULTA APOS O VENCIMENTO                                   02COBRAR JUROS DE $VALORJUROSDIARIOS AO DIA APOS O VENCIMENTO                     03SUJEITO A SUSPENSAO DO SERVICO APOS 30 DIAS DE VENCIDO                          04A CENTRAL DE ATENDIMENTO ASSISNET ESTA COM NOVO NUMERO [55] 3541 0700.                                                         000148
1AAA            AAA                            112048254      20120620 N B0000    00000000000200            0601120482541612110000000004040         JN171111000000000000000110000000000000000000000000000000000000000000001000064999718049JACSON VINICIOS PATIAS                  CARAJAZINHO, NSN, ENTRE-IJUIS - RS      00000000000 9886500000000                                                       000149
2           112048254COBRAR MULTA DE $VALORMULTA APOS O VENCIMENTO                                   COBRAR JUROS DE $VALORJUROSDIARIOS AO DIA APOS O VENCIMENTO                     SUJEITO A SUSPENSAO DO SERVICO APOS 30 DIAS DE VENCIDO                          A CENTRAL DE ATENDIMENTO ASSISNET ESTA COM NOVO NUMERO [55] 3541 0700.          0112048254                                           000150
5E013060112048254 A01COBRAR MULTA DE $VALORMULTA APOS O VENCIMENTO                                   02COBRAR JUROS DE $VALORJUROSDIARIOS AO DIA APOS O VENCIMENTO                     03SUJEITO A SUSPENSAO DO SERVICO APOS 30 DIAS DE VENCIDO                          04A CENTRAL DE ATENDIMENTO ASSISNET ESTA COM NOVO NUMERO [55] 3541 0700.                                                         000151
1AAA            AAA                            112051646      20120620 N B0000    00000000000200            0601120516461612110000000004490         JN171111000000000000000120000000000000000000000000000000000000000000001000095040013000CRISTIANO MASCHIO                       RUA DAS MAGNOLIAS, N216, SANTA ROSA - RS00000000000 9890000000000                                                       000152
2           112051646COBRAR MULTA DE $VALORMULTA APOS O VENCIMENTO                                   COBRAR JUROS DE $VALORJUROSDIARIOS AO DIA APOS O VENCIMENTO                     SUJEITO A SUSPENSAO DO SERVICO APOS 30 DIAS DE VENCIDO                          A CENTRAL DE ATENDIMENTO ASSISNET ESTA COM NOVO NUMERO [55] 3541 0700.          0112051646                                           000153
5E013060112051646 A01COBRAR MULTA DE $VALORMULTA APOS O VENCIMENTO                                   02COBRAR JUROS DE $VALORJUROSDIARIOS AO DIA APOS O VENCIMENTO                     03SUJEITO A SUSPENSAO DO SERVICO APOS 30 DIAS DE VENCIDO                          04A CENTRAL DE ATENDIMENTO ASSISNET ESTA COM NOVO NUMERO [55] 3541 0700.                                                         000154
1AAA            AAA                            112054068      20120620 N B0000    00000000000200            0601120540681612110000000004040         JN171111000000000000000110000000000000000000000000000000000000000000001000092888216000ALEXANDRE AUGUSTO SCHUSTER              LINHA SALTO, NS/N, SANTO CRISTO - RS    00000000000 9896000000000                                                       000155
2           112054068COBRAR MULTA DE $VALORMULTA APOS O VENCIMENTO                                   COBRAR JUROS DE $VALORJUROSDIARIOS AO DIA APOS O VENCIMENTO                     SUJEITO A SUSPENSAO DO SERVICO APOS 30 DIAS DE VENCIDO                          A CENTRAL DE ATENDIMENTO ASSISNET ESTA COM NOVO NUMERO [55] 3541 0700.          0112054068                                           000156
5E013060112054068 A01COBRAR MULTA DE $VALORMULTA APOS O VENCIMENTO                                   02COBRAR JUROS DE $VALORJUROSDIARIOS AO DIA APOS O VENCIMENTO                     03SUJEITO A SUSPENSAO DO SERVICO APOS 30 DIAS DE VENCIDO                          04A CENTRAL DE ATENDIMENTO ASSISNET ESTA COM NOVO NUMERO [55] 3541 0700.                                                         000157
1AAA            AAA                            112054475      20120620 N B0000    00000000000200            0601120544751612110000000005990         JN171111000000000000000160000000000000000000000000000000000000000000001000059286695004ELOISA DE OLIVEIRA RODRIGUES            R PADRE MANOEL DE NOBREGA, N546, SANTO A00000000000 9880329000000                                                       000158
2           112054475COBRAR MULTA DE $VALORMULTA APOS O VENCIMENTO                                   COBRAR JUROS DE $VALORJUROSDIARIOS AO DIA APOS O VENCIMENTO                     SUJEITO A SUSPENSAO DO SERVICO APOS 30 DIAS DE VENCIDO                          A CENTRAL DE ATENDIMENTO ASSISNET ESTA COM NOVO NUMERO [55] 3541 0700.          0112054475                                           000159
5E013060112054475 A01COBRAR MULTA DE $VALORMULTA APOS O VENCIMENTO                                   02COBRAR JUROS DE $VALORJUROSDIARIOS AO DIA APOS O VENCIMENTO                     03SUJEITO A SUSPENSAO DO SERVICO APOS 30 DIAS DE VENCIDO                          04A CENTRAL DE ATENDIMENTO ASSISNET ESTA COM NOVO NUMERO [55] 3541 0700.                                                         000160
1AAA            AAA                            112055250      20120620 N B0000    00000000000200            0601120552502607120000000007990         JN171111000000000000000210000000000000000000000000000000000000000000001000044167091020JAIME JOSE FISCHER                      RUA COELHO NETO, N69, SANTA ROSA - RS   00000000000 9890000000000                                                       000161
2           112055250COBRAR MULTA DE $VALORMULTA APOS O VENCIMENTO                                   COBRAR JUROS DE $VALORJUROSDIARIOS AO DIA APOS O VENCIMENTO                     SUJEITO A SUSPENSAO DO SERVICO APOS 30 DIAS DE VENCIDO                          A CENTRAL DE ATENDIMENTO ASSISNET ESTA COM NOVO NUMERO [55] 3541 0700.          0112055250                                           000162
5E013060112055250 A01COBRAR MULTA DE $VALORMULTA APOS O VENCIMENTO                                   02COBRAR JUROS DE $VALORJUROSDIARIOS AO DIA APOS O VENCIMENTO                     03SUJEITO A SUSPENSAO DO SERVICO APOS 30 DIAS DE VENCIDO                          04A CENTRAL DE ATENDIMENTO ASSISNET ESTA COM NOVO NUMERO [55] 3541 0700.                                                         000163
1AAA            AAA                            112057660      20120620 N B0000    00000000000200            0601120576601512110000000005990         JN171111000000000000000160000000000000000000000000000000000000000000001000001025989082JAIR BARBARO VIEIRA                     CAMPO DE AVIACAO , NS/N, SANTA ROSA - RS00000000000 9890000000000                                                       000164
2           112057660COBRAR MULTA DE $VALORMULTA APOS O VENCIMENTO                                   COBRAR JUROS DE $VALORJUROSDIARIOS AO DIA APOS O VENCIMENTO                     SUJEITO A SUSPENSAO DO SERVICO APOS 30 DIAS DE VENCIDO                          A CENTRAL DE ATENDIMENTO ASSISNET ESTA COM NOVO NUMERO [55] 3541 0700.          0112057660                                           000165
5E013060112057660 A01COBRAR MULTA DE $VALORMULTA APOS O VENCIMENTO                                   02COBRAR JUROS DE $VALORJUROSDIARIOS AO DIA APOS O VENCIMENTO                     03SUJEITO A SUSPENSAO DO SERVICO APOS 30 DIAS DE VENCIDO                          04A CENTRAL DE ATENDIMENTO ASSISNET ESTA COM NOVO NUMERO [55] 3541 0700.                                                         000166
1AAA            AAA                            112058055      20120620 N B0000    00000000000200            0601120580551512110000000004490         JN171111000000000000000120000000000000000000000000000000000000000000001000000532736052GRASIELE RIBAS PREVEDELLO               ESQUINA CAMPESTRE, NS/N, SAO MIGUEL DAS 00000000000 9886500000000                                                       000167
2           112058055COBRAR MULTA DE $VALORMULTA APOS O VENCIMENTO                                   COBRAR JUROS DE $VALORJUROSDIARIOS AO DIA APOS O VENCIMENTO                     SUJEITO A SUSPENSAO DO SERVICO APOS 30 DIAS DE VENCIDO                          A CENTRAL DE ATENDIMENTO ASSISNET ESTA COM NOVO NUMERO [55] 3541 0700.          0112058055                                           000168
5E013060112058055 A01COBRAR MULTA DE $VALORMULTA APOS O VENCIMENTO                                   02COBRAR JUROS DE $VALORJUROSDIARIOS AO DIA APOS O VENCIMENTO                     03SUJEITO A SUSPENSAO DO SERVICO APOS 30 DIAS DE VENCIDO                          04A CENTRAL DE ATENDIMENTO ASSISNET ESTA COM NOVO NUMERO [55] 3541 0700.                                                         000169
1AAA            AAA                            112060114      20120620 N B0000    00000000000200            0601120601141712110000000004638         JN171111000000000000000120000000000000000000000000000000000000000000001000064935558091CLARICE RATKE DEUSCHLE                  RUA BENVINDO JORDANI , N1400, SANTA ROSA00000000000 9890000000000                                                       000170
2           112060114COBRAR MULTA DE $VALORMULTA APOS O VENCIMENTO                                   COBRAR JUROS DE $VALORJUROSDIARIOS AO DIA APOS O VENCIMENTO                     SUJEITO A SUSPENSAO DO SERVICO APOS 30 DIAS DE VENCIDO                          A CENTRAL DE ATENDIMENTO ASSISNET ESTA COM NOVO NUMERO [55] 3541 0700.          0112060114                                           000171
5E013060112060114 A01COBRAR MULTA DE $VALORMULTA APOS O VENCIMENTO                                   02COBRAR JUROS DE $VALORJUROSDIARIOS AO DIA APOS O VENCIMENTO                     03SUJEITO A SUSPENSAO DO SERVICO APOS 30 DIAS DE VENCIDO                          04A CENTRAL DE ATENDIMENTO ASSISNET ESTA COM NOVO NUMERO [55] 3541 0700.                                                         000172
1AAA            AAA                            112060289      20120620 N B0000    00000000000200            0601120602892607120000000004490         JN171111000000000000000120000000000000000000000000000000000000000000001000096115785049ALINE ISABEL SEGATTO                    RUA DEODORICO DINOM , N74, TUPARENDI - R00000000000 9894000000000                                                       000173
2           112060289COBRAR MULTA DE $VALORMULTA APOS O VENCIMENTO                                   COBRAR JUROS DE $VALORJUROSDIARIOS AO DIA APOS O VENCIMENTO                     SUJEITO A SUSPENSAO DO SERVICO APOS 30 DIAS DE VENCIDO                          A CENTRAL DE ATENDIMENTO ASSISNET ESTA COM NOVO NUMERO [55] 3541 0700.          0112060289                                           000174
5E013060112060289 A01COBRAR MULTA DE $VALORMULTA APOS O VENCIMENTO                                   02COBRAR JUROS DE $VALORJUROSDIARIOS AO DIA APOS O VENCIMENTO                     03SUJEITO A SUSPENSAO DO SERVICO APOS 30 DIAS DE VENCIDO                          04A CENTRAL DE ATENDIMENTO ASSISNET ESTA COM NOVO NUMERO [55] 3541 0700.                                                         000175
1AAA            AAA                            112061455      20120620 N B0000    00000000000200            0601120614551712110000000006188         JN171111000000000000000160000000000000000000000000000000000000000000001000030925045004ALOISIO CESAR CADORE                    ENGENHO VELHO, NS/N, CATUIPE - RS       00000000000 9877000000000                                                       000176
2           112061455COBRAR MULTA DE $VALORMULTA APOS O VENCIMENTO                                   COBRAR JUROS DE $VALORJUROSDIARIOS AO DIA APOS O VENCIMENTO                     SUJEITO A SUSPENSAO DO SERVICO APOS 30 DIAS DE VENCIDO                          A CENTRAL DE ATENDIMENTO ASSISNET ESTA COM NOVO NUMERO [55] 3541 0700.          0112061455                                           000177
5E013060112061455 A01COBRAR MULTA DE $VALORMULTA APOS O VENCIMENTO                                   02COBRAR JUROS DE $VALORJUROSDIARIOS AO DIA APOS O VENCIMENTO                     03SUJEITO A SUSPENSAO DO SERVICO APOS 30 DIAS DE VENCIDO                          04A CENTRAL DE ATENDIMENTO ASSISNET ESTA COM NOVO NUMERO [55] 3541 0700.                                                         000178
1AAA            AAA                            112064470      20120620 N B0000    00000000000200            0601120644702607120000000004490         JN171111000000000000000120000000000000000000000000000000000000000000001000038793628072ARMINDO STRAPASSON                      VILA BOM PRINCIPIO, NS/N, TUPARENDI - RS00000000000 9894000000000                                                       000179
2           112064470COBRAR MULTA DE $VALORMULTA APOS O VENCIMENTO                                   COBRAR JUROS DE $VALORJUROSDIARIOS AO DIA APOS O VENCIMENTO                     SUJEITO A SUSPENSAO DO SERVICO APOS 30 DIAS DE VENCIDO                          A CENTRAL DE ATENDIMENTO ASSISNET ESTA COM NOVO NUMERO [55] 3541 0700.          0112064470                                           000180
5E013060112064470 A01COBRAR MULTA DE $VALORMULTA APOS O VENCIMENTO                                   02COBRAR JUROS DE $VALORJUROSDIARIOS AO DIA APOS O VENCIMENTO                     03SUJEITO A SUSPENSAO DO SERVICO APOS 30 DIAS DE VENCIDO                          04A CENTRAL DE ATENDIMENTO ASSISNET ESTA COM NOVO NUMERO [55] 3541 0700.                                                         000181
1AAA            AAA                            112065507      20120620 N B0000    00000000000200            0601120655071412110000000004580         JN171111000000000000000120000000000000000000000000000000000000000000001000047853301049JOAO BATISTA BIRMANN                    RUA SAO MIGUEL, N55, CATUIPE - RS       00000000000 9877000000000                                                       000182
2           112065507COBRAR MULTA DE $VALORMULTA APOS O VENCIMENTO                                   COBRAR JUROS DE $VALORJUROSDIARIOS AO DIA APOS O VENCIMENTO                     SUJEITO A SUSPENSAO DO SERVICO APOS 30 DIAS DE VENCIDO                          A CENTRAL DE ATENDIMENTO ASSISNET ESTA COM NOVO NUMERO [55] 3541 0700.          0112065507                                           000183
5E013060112065507 A01COBRAR MULTA DE $VALORMULTA APOS O VENCIMENTO                                   02COBRAR JUROS DE $VALORJUROSDIARIOS AO DIA APOS O VENCIMENTO                     03SUJEITO A SUSPENSAO DO SERVICO APOS 30 DIAS DE VENCIDO                          04A CENTRAL DE ATENDIMENTO ASSISNET ESTA COM NOVO NUMERO [55] 3541 0700.                                                         000184
1AAA            AAA                            112066171      20120620 N B0000    00000000000200            0601120661711512110000000004490         JN171111000000000000000120000000000000000000000000000000000000000000001000048109959091VALMIR LUIZ MARCHLEWSKI                 RUA ANTONIO BORDIM NETO, N343, ALECRIM -00000000000 9895000000000                                                       000185
2           112066171COBRAR MULTA DE $VALORMULTA APOS O VENCIMENTO                                   COBRAR JUROS DE $VALORJUROSDIARIOS AO DIA APOS O VENCIMENTO                     SUJEITO A SUSPENSAO DO SERVICO APOS 30 DIAS DE VENCIDO                          A CENTRAL DE ATENDIMENTO ASSISNET ESTA COM NOVO NUMERO [55] 3541 0700.          0112066171                                           000186
5E013060112066171 A01COBRAR MULTA DE $VALORMULTA APOS O VENCIMENTO                                   02COBRAR JUROS DE $VALORJUROSDIARIOS AO DIA APOS O VENCIMENTO                     03SUJEITO A SUSPENSAO DO SERVICO APOS 30 DIAS DE VENCIDO                          04A CENTRAL DE ATENDIMENTO ASSISNET ESTA COM NOVO NUMERO [55] 3541 0700.                                                         000187
1AAA            AAA                            112066627      20120620 N B0000    00000000000200            0601120666271712110000000006188         JN171111000000000000000160000000000000000000000000000000000000000000001000067270573034ELAINE LUCIA BERNARDI RODRIGUES         AV. RIO BRANCO, N998, CATUIPE - RS      00000000000 9877000000000                                                       000188
2           112066627COBRAR MULTA DE $VALORMULTA APOS O VENCIMENTO                                   COBRAR JUROS DE $VALORJUROSDIARIOS AO DIA APOS O VENCIMENTO                     SUJEITO A SUSPENSAO DO SERVICO APOS 30 DIAS DE VENCIDO                          A CENTRAL DE ATENDIMENTO ASSISNET ESTA COM NOVO NUMERO [55] 3541 0700.          0112066627                                           000189
5E013060112066627 A01COBRAR MULTA DE $VALORMULTA APOS O VENCIMENTO                                   02COBRAR JUROS DE $VALORJUROSDIARIOS AO DIA APOS O VENCIMENTO                     03SUJEITO A SUSPENSAO DO SERVICO APOS 30 DIAS DE VENCIDO                          04A CENTRAL DE ATENDIMENTO ASSISNET ESTA COM NOVO NUMERO [55] 3541 0700.                                                         000190
1AAA            AAA                            112067100      20120620 N B0000    00000000000200            0601120671000501120000000006484         JN171111000000000000000170000000000000000000000000000000000000000000002092941681000100ESCOLA ESTADUAL DE ENSINO FUNDAMENTAL COAV. RIO BRANCO, N182, CATUIPE - RS      00000000000 9877000000000                                                       000191
2           112067100COBRAR MULTA DE $VALORMULTA APOS O VENCIMENTO                                   COBRAR JUROS DE $VALORJUROSDIARIOS AO DIA APOS O VENCIMENTO                     SUJEITO A SUSPENSAO DO SERVICO APOS 30 DIAS DE VENCIDO                          A CENTRAL DE ATENDIMENTO ASSISNET ESTA COM NOVO NUMERO [55] 3541 0700.          0112067100                                           000192
5E013060112067100 A01COBRAR MULTA DE $VALORMULTA APOS O VENCIMENTO                                   02COBRAR JUROS DE $VALORJUROSDIARIOS AO DIA APOS O VENCIMENTO                     03SUJEITO A SUSPENSAO DO SERVICO APOS 30 DIAS DE VENCIDO                          04A CENTRAL DE ATENDIMENTO ASSISNET ESTA COM NOVO NUMERO [55] 3541 0700.                                                         000193
1AAA            AAA                            112068506      20120620 N B0000    00000000000200            0601120685061712110000000004638         JN171111000000000000000120000000000000000000000000000000000000000000001000091656184087SILVANA CHITOLINA LAVARDA               SAO MARCOSCOTRIROSA, TUPARENDI - RS     00000000000 9894000000000                                                       000194
2           112068506COBRAR MULTA DE $VALORMULTA APOS O VENCIMENTO                                   COBRAR JUROS DE $VALORJUROSDIARIOS AO DIA APOS O VENCIMENTO                     SUJEITO A SUSPENSAO DO SERVICO APOS 30 DIAS DE VENCIDO                          A CENTRAL DE ATENDIMENTO ASSISNET ESTA COM NOVO NUMERO [55] 3541 0700.          0112068506                                           000195
5E013060112068506 A01COBRAR MULTA DE $VALORMULTA APOS O VENCIMENTO                                   02COBRAR JUROS DE $VALORJUROSDIARIOS AO DIA APOS O VENCIMENTO                     03SUJEITO A SUSPENSAO DO SERVICO APOS 30 DIAS DE VENCIDO                          04A CENTRAL DE ATENDIMENTO ASSISNET ESTA COM NOVO NUMERO [55] 3541 0700.                                                         000196
1AAA            AAA                            112070560      20120620 N B0000    00000000000200            0601120705601512110000000003900         JN171111000000000000000100000000000000000000000000000000000000000000001000045794120010NEIMAR SOARES DA SILVA                  RUA DO COMERCIO, N1638AP 405, IJUI - RS 00000000000 9870000000000                                                       000197
2           112070560COBRAR MULTA DE $VALORMULTA APOS O VENCIMENTO                                   COBRAR JUROS DE $VALORJUROSDIARIOS AO DIA APOS O VENCIMENTO                     SUJEITO A SUSPENSAO DO SERVICO APOS 30 DIAS DE VENCIDO                          A CENTRAL DE ATENDIMENTO ASSISNET ESTA COM NOVO NUMERO [55] 3541 0700.          0112070560                                           000198
5E013060112070560 A01COBRAR MULTA DE $VALORMULTA APOS O VENCIMENTO                                   02COBRAR JUROS DE $VALORJUROSDIARIOS AO DIA APOS O VENCIMENTO                     03SUJEITO A SUSPENSAO DO SERVICO APOS 30 DIAS DE VENCIDO                          04A CENTRAL DE ATENDIMENTO ASSISNET ESTA COM NOVO NUMERO [55] 3541 0700.                                                         000199
1AAA            AAA                            112071469      20120620 N B0000    00000000000200            0601120714690301120000000006355         JN171111000000000000000170000000000000000000000000000000000000000000001000094017379087OSNEI DOS REIS FALLER                   RUA OTASILIO WEZENDONCK, N05, IJUI - RS 00000000000 9870000000000                                                       000200
2           112071469COBRAR MULTA DE $VALORMULTA APOS O VENCIMENTO                                   COBRAR JUROS DE $VALORJUROSDIARIOS AO DIA APOS O VENCIMENTO                     SUJEITO A SUSPENSAO DO SERVICO APOS 30 DIAS DE VENCIDO                          A CENTRAL DE ATENDIMENTO ASSISNET ESTA COM NOVO NUMERO [55] 3541 0700.          0112071469                                           000201
5E013060112071469 A01COBRAR MULTA DE $VALORMULTA APOS O VENCIMENTO                                   02COBRAR JUROS DE $VALORJUROSDIARIOS AO DIA APOS O VENCIMENTO                     03SUJEITO A SUSPENSAO DO SERVICO APOS 30 DIAS DE VENCIDO                          04A CENTRAL DE ATENDIMENTO ASSISNET ESTA COM NOVO NUMERO [55] 3541 0700.                                                         000202
1AAA            AAA                            112074514      20120620 N B0000    00000000000200            0601120745142012110000000002246         JN071211000000000000000060000000000000000000000000000000000000000000001000023470097020ARMANDO SLOEKOWSKI                      AV. INHACORA, N779, GUARANI DAS MISSOES 00000000000 9795000000000                                                       000203
2           112074514COBRAR MULTA DE $VALORMULTA APOS O VENCIMENTO                                   COBRAR JUROS DE $VALORJUROSDIARIOS AO DIA APOS O VENCIMENTO                     SUJEITO A SUSPENSAO DO SERVICO APOS 30 DIAS DE VENCIDO                          A CENTRAL DE ATENDIMENTO ASSISNET ESTA COM NOVO NUMERO [55] 3541 0700.          0112074514                                           000204
5E013060112074514 A01COBRAR MULTA DE $VALORMULTA APOS O VENCIMENTO                                   02COBRAR JUROS DE $VALORJUROSDIARIOS AO DIA APOS O VENCIMENTO                     03SUJEITO A SUSPENSAO DO SERVICO APOS 30 DIAS DE VENCIDO                          04A CENTRAL DE ATENDIMENTO ASSISNET ESTA COM NOVO NUMERO [55] 3541 0700.                                                         000205
1AAA            AAA                            122074851      20120620 N B0000    00000000000200            0101220748511807120000000002000         JN180612000000000000000050000000000000000000000000000000000000000000002008411698000140PROSERVER TELECOMUNICACOES LTDA         RUA TENENTE JUNG, N534SALA 02, SANTO CRI00000000000 9896000000000                                                       000206
2           122074851COBRAR MULTA DE $VALORMULTA APOS O VENCIMENTO                                   COBRAR JUROS DE $VALORJUROSDIARIOS AO DIA APOS O VENCIMENTO                     SUJEITO A SUSPENSAO DO SERVICO APOS 30 DIAS DE VENCIDO                          A CENTRAL DE ATENDIMENTO ASSISNET ESTA COM NOVO NUMERO [55] 3541 0700.          0122074851                                           000207
5E013060122074851 A01COBRAR MULTA DE $VALORMULTA APOS O VENCIMENTO                                   02COBRAR JUROS DE $VALORJUROSDIARIOS AO DIA APOS O VENCIMENTO                     03SUJEITO A SUSPENSAO DO SERVICO APOS 30 DIAS DE VENCIDO                          04A CENTRAL DE ATENDIMENTO ASSISNET ESTA COM NOVO NUMERO [55] 3541 0700.                                                         000208
1AAA            AAA                            122074860      20120620 N B0000    00000000000200            0101220748601808120000000002000         JN180612000000000000000050000000000000000000000000000000000000000000002008411698000140PROSERVER TELECOMUNICACOES LTDA         RUA TENENTE JUNG, N534SALA 02, SANTO CRI00000000000 9896000000000                                                       000209
2           122074860COBRAR MULTA DE $VALORMULTA APOS O VENCIMENTO                                   COBRAR JUROS DE $VALORJUROSDIARIOS AO DIA APOS O VENCIMENTO                     SUJEITO A SUSPENSAO DO SERVICO APOS 30 DIAS DE VENCIDO                          A CENTRAL DE ATENDIMENTO ASSISNET ESTA COM NOVO NUMERO [55] 3541 0700.          0122074860                                           000210
5E013060122074860 A01COBRAR MULTA DE $VALORMULTA APOS O VENCIMENTO                                   02COBRAR JUROS DE $VALORJUROSDIARIOS AO DIA APOS O VENCIMENTO                     03SUJEITO A SUSPENSAO DO SERVICO APOS 30 DIAS DE VENCIDO                          04A CENTRAL DE ATENDIMENTO ASSISNET ESTA COM NOVO NUMERO [55] 3541 0700.                                                         000211
1AAA            AAA                            122074878      20120620 N B0000    00000000000200            0101220748781809120000000002001         JN180612000000000000000050000000000000000000000000000000000000000000002008411698000140PROSERVER TELECOMUNICACOES LTDA         RUA TENENTE JUNG, N534SALA 02, SANTO CRI00000000000 9896000000000                                                       000212
2           122074878COBRAR MULTA DE $VALORMULTA APOS O VENCIMENTO                                   COBRAR JUROS DE $VALORJUROSDIARIOS AO DIA APOS O VENCIMENTO                     SUJEITO A SUSPENSAO DO SERVICO APOS 30 DIAS DE VENCIDO                          A CENTRAL DE ATENDIMENTO ASSISNET ESTA COM NOVO NUMERO [55] 3541 0700.          0122074878                                           000213
5E013060122074878 A01COBRAR MULTA DE $VALORMULTA APOS O VENCIMENTO                                   02COBRAR JUROS DE $VALORJUROSDIARIOS AO DIA APOS O VENCIMENTO                     03SUJEITO A SUSPENSAO DO SERVICO APOS 30 DIAS DE VENCIDO                          04A CENTRAL DE ATENDIMENTO ASSISNET ESTA COM NOVO NUMERO [55] 3541 0700.                                                         000214
1AAA            AAA                            122074886      20120620 N B0000    00000000000200            0101220748861810120000000002000         JN180612000000000000000050000000000000000000000000000000000000000000002008411698000140PROSERVER TELECOMUNICACOES LTDA         RUA TENENTE JUNG, N534SALA 02, SANTO CRI00000000000 9896000000000                                                       000215
2           122074886COBRAR MULTA DE $VALORMULTA APOS O VENCIMENTO                                   COBRAR JUROS DE $VALORJUROSDIARIOS AO DIA APOS O VENCIMENTO                     SUJEITO A SUSPENSAO DO SERVICO APOS 30 DIAS DE VENCIDO                          A CENTRAL DE ATENDIMENTO ASSISNET ESTA COM NOVO NUMERO [55] 3541 0700.          0122074886                                           000216
5E013060122074886 A01COBRAR MULTA DE $VALORMULTA APOS O VENCIMENTO                                   02COBRAR JUROS DE $VALORJUROSDIARIOS AO DIA APOS O VENCIMENTO                     03SUJEITO A SUSPENSAO DO SERVICO APOS 30 DIAS DE VENCIDO                          04A CENTRAL DE ATENDIMENTO ASSISNET ESTA COM NOVO NUMERO [55] 3541 0700.                                                         000217
1AAA            AAA                            122074894      20120620 N B0000    00000000000200            0101220748941811120000000002000         JN180612000000000000000050000000000000000000000000000000000000000000002008411698000140PROSERVER TELECOMUNICACOES LTDA         RUA TENENTE JUNG, N534SALA 02, SANTO CRI00000000000 9896000000000                                                       000218
2           122074894COBRAR MULTA DE $VALORMULTA APOS O VENCIMENTO                                   COBRAR JUROS DE $VALORJUROSDIARIOS AO DIA APOS O VENCIMENTO                     SUJEITO A SUSPENSAO DO SERVICO APOS 30 DIAS DE VENCIDO                          A CENTRAL DE ATENDIMENTO ASSISNET ESTA COM NOVO NUMERO [55] 3541 0700.          0122074894                                           000219
5E013060122074894 A01COBRAR MULTA DE $VALORMULTA APOS O VENCIMENTO                                   02COBRAR JUROS DE $VALORJUROSDIARIOS AO DIA APOS O VENCIMENTO                     03SUJEITO A SUSPENSAO DO SERVICO APOS 30 DIAS DE VENCIDO                          04A CENTRAL DE ATENDIMENTO ASSISNET ESTA COM NOVO NUMERO [55] 3541 0700.                                                         000220
9174801306                                                                                                                                                                                                                                                                                                                                                                                                000221
