01REMESSA01COBRANCA       00000000000000000000CONECTLAN SOLUCOES TECNOLOGICA237BRADESCO       220312        MX0000001                                                                                                                                                                                                                                                                                     000001
100000 00000000000000009001351263456100000000000000000000000010002000000000000001100000000002            0  01000000000122041200000000050000000000000N220312000000000000000000000000000000000000000000000000000000000000000206134596000107CONECTLAN SOLUCOES TECNOLOGICAS LTDA ME AV MATO GROSSO, 1842 - TERREO - SETOR CE            77403020                                                            000002
100000 00000000000000009001351263456100000000000000000000000010002000000000000002P00000000002            0  01000000000222051200000000050000000000000N220312000000000000000000000000000000000000000000000000000000000000000206134596000107CONECTLAN SOLUCOES TECNOLOGICAS LTDA ME AV MATO GROSSO, 1842 - TERREO - SETOR CE            77403020                                                            000003
100000 00000000000000009001351263456100000000000000000000000010002000000000000003800000000002            0  01000000000322061200000000050000000000000N220312000000000000000000000000000000000000000000000000000000000000000206134596000107CONECTLAN SOLUCOES TECNOLOGICAS LTDA ME AV MATO GROSSO, 1842 - TERREO - SETOR CE            77403020                                                            000004
100000 00000000000000009001351263456100000000000000000000000010002000000000000004600000000002            0  01000000000422071200000000050000000000000N220312000000000000000000000000000000000000000000000000000000000000000206134596000107CONECTLAN SOLUCOES TECNOLOGICAS LTDA ME AV MATO GROSSO, 1842 - TERREO - SETOR CE            77403020                                                            000005
100000 00000000000000009001351263456100000000000000000000000010002000000000000005400000000002            0  01000000000522041200000000005000000000000N220312000000000000000000000000000000000000000000000000000000000000000206134596000107CONECTLAN SOLUCOES TECNOLOGICAS LTDA ME AV MATO GROSSO, 1842 - TERREO - SETOR CE            77403020                                                            000006
100000 00000000000000009001351263456100000000000000000000000010002000000000000006200000000002            0  01000000000622051200000000005000000000000N220312000000000000000000000000000000000000000000000000000000000000000206134596000107CONECTLAN SOLUCOES TECNOLOGICAS LTDA ME AV MATO GROSSO, 1842 - TERREO - SETOR CE            77403020                                                            000007
9                                                                                                                                                                                                                                                                                                                                                                                                         000008
