01REMESSA01COBRANCA       00000000000000000000CONECTLAN SOLUCOES TECNOLOGICA237BRADESCO       110512        MX0000019                                                                                                                                                                                                                                                                                     000001
100000 00000000000000009001351263456100000000000000000000001270002000000000000029100000000002            0  01000000002911071200000000050000000000000N110512000000000000000000000000000000000000000000000000000000000000000208198811000150FRADE E ROCHA LTDA                      AV GOIAS, 2275 - ENTRE 7 E 8 - SETOR CEN            77410010                                                            000002
9                                                                                                                                                                                                                                                                                                                                                                                                         000003
