10400000         2509202300001470000000000000000000004068139389000000000NET JACAREI TELECON LTDA   ME C ECON FEDERAL                          20306201303374600000304000000                    RETORNO-PRODUCAO                  000            
10400011T0100030 20509202300001470000000000000000000004068139389000000000NET JACAREI TELECON LTDA   ME                                                                                 00000003030620130000000000                          00   
1040001300001T 060000003938900000000   240000000000011944100000000000000015062013000000000006000000003140000000000000000          090000000000000000                                                  000000000000155020101                     
1040001300002U 06000000000000000000000000000000000000000000000000000000000000000000000006000000000000006000000000000000000000000000000000030620130406201300000406201300000000000000000000000000000000000000000000000000000000000000000000       
1040001300003T 060000003938900000000   240000000000012274100000000000000010062013000000000005990237020980000000000000000          090000000000000000                                                  000000000000295040101                     
1040001300004U 06000000000000000000000000000000000000000000000000000000000000000000000005990000000000005990000000000000000000000000000000030620130406201300000406201300000000000000000000000000000000000000000000000000000000000000000000       
1040001300005T 060000003938900000000   240000000000012738100000000000000010062013000000000006000000034960000000000000000          090000000000000000                                                  000000000000155020101                     
1040001300006U 06000000000000000000000000000000000000000000000000000000000000000000000006000000000000006000000000000000000000000000000000030620130406201300000406201300000000000000000000000000000000000000000000000000000000000000000000       
10400015         00000800000000000000000000000000000000000000000000000000000000000000000000000000000000000000000000                                                                                                                             
10499999         000001000010                                                                                                                                                                                                                   
