01REMESSA01COBRANCA       00000000000000000000CONECTLAN SOLUCOES TECNOLOGICA237BRADESCO       110512        MX0000021                                                                                                                                                                                                                                                                                     000001
100000 00000000000000009001351263456100000000000000000000004540002000000000000031300000000002            0  01000000003111061200000000050000000000000N110512000000000000000000000000000000000000000000000000000000000000000238138335000224CICLONORTE COMERCIO INDUSTRIA DE BICICLERUA MINISTRO ALFREDO NASSER, 1129 - CENT            77402080                                                            000002
100000 00000000000000009001351263456100000000000000000000004540002000000000000032100000000002            0  01000000003211071200000000050000000000000N110512000000000000000000000000000000000000000000000000000000000000000238138335000224CICLONORTE COMERCIO INDUSTRIA DE BICICLERUA MINISTRO ALFREDO NASSER, 1129 - CENT            77402080                                                            000003
100000 00000000000000009001351263456100000000000000000000004540002000000000000033P00000000002            0  01000000003311081200000000050000000000000N110512000000000000000000000000000000000000000000000000000000000000000238138335000224CICLONORTE COMERCIO INDUSTRIA DE BICICLERUA MINISTRO ALFREDO NASSER, 1129 - CENT            77402080                                                            000004
9                                                                                                                                                                                                                                                                                                                                                                                                         000005
