01REMESSA01COBRANCA       0130608411698000140                               748SICREDI        20120606        0000134                                                                                                                                                                                                                                                                                 2.00000001
1AAA            AAA                            122074681      20120606 N B0000    00000000000200            0101220746811007120000000016482         JN050612000000000000000430001070000000003328000000000000000000000000001000001677416084FABIO JUNIOR DOEBBER                    RUA MINAS GERAIS, N2489, SANTO CRISTO - 00000000000 9896000000000                                                       000002
2           122074681COBRAR MULTA DE $VALORMULTA APOS O VENCIMENTO                                   COBRAR JUROS DE $VALORJUROSDIARIOS AO DIA APOS O VENCIMENTO                     SUJEITO A SUSPENSAO DO SERVICO APOS 30 DIAS DE VENCIDO                          A CENTRAL DE ATENDIMENTO ASSISNET ESTA COM NOVO NUMERO [55] 3541 0700.          0122074681                                           000003
5E013060122074681 A01COBRAR MULTA DE $VALORMULTA APOS O VENCIMENTO                                   02COBRAR JUROS DE $VALORJUROSDIARIOS AO DIA APOS O VENCIMENTO                     03SUJEITO A SUSPENSAO DO SERVICO APOS 30 DIAS DE VENCIDO                          04A CENTRAL DE ATENDIMENTO ASSISNET ESTA COM NOVO NUMERO [55] 3541 0700.                                                         000004
9174801306                                                                                                                                                                                                                                                                                                                                                                                                000005
