01REMESSA01COBRANCA       00000000000000000000CONECTLAN SOLUCOES TECNOLOGICA237BRADESCO       090412        MX0000003                                                                                                                                                                                                                                                                                     000001
100000 00000000000000009001351263456100000000000000000000000010002000000000000001100000000002            0  31000000000127041200000000050000000000000N220312000000000000000000000000000000000000000000000000000000000000000206134596000107CONECTLAN SOLUCOES TECNOLOGICAS LTDA ME AV MATO GROSSO, 1842 - TERREO - SETOR CE            77403020                                                            000002
100000 00000000000000009001351263456100000000000000000000000010002000000000000014300000000002            0  01000000001419041200000000007000000000000N090412000000000000000000000000000000000000000000000000000000000000000206134596000107CONECTLAN SOLUCOES TECNOLOGICAS LTDA ME AV MATO GROSSO, 1842 - TERREO - SETOR CE            77403020                                                            000003
9                                                                                                                                                                                                                                                                                                                                                                                                         000004
