01REMESSA01COBRANCA       00000000000000000000PROSERVER TELECOMUNICACOES LTD237BRADESCO       140712        MX0000004                                                                                                                                                                                                                                                                                     000001
100000 00000000000000000000000000000000000000000000000000000010002121200000000000000000000000            0  020000000001210712000000005212100000000000210612000000000000011050000000000000000000000000000000000000000000000208411698000140PROSERVER TELECOMUNICACOES LTDA         RUA TENENTE JUNG, 534 - SALA 02 - CENTRO            98960000                                                            000002
9                                                                                                                                                                                                                                                                                                                                                                                                         000003
