A1351                 CONECTLAN - SOLUCOES748SICREDI             2012050900000405DEBITO AUTOMATICO                                                    
E0010000000000100000000004035 12354         2012060800000000000100003000000000000013                                             1006134596000107    0
E0010000000000100000000004035 12354         2012070800000000000100003000000000000014                                             1006134596000107    0
E0010000000000100000000004035 12354         2012060800000000000100003000000000000001                                             1006134596000107    0
E0010000000000100000000004035 12354         2012070800000000000100003000000000000002                                             1006134596000107    0
E0010000000000100000000004035 12354         2012080800000000000100003000000000000003                                             1006134596000107    0
Z00000700000000000005000                                                                                                                              
