A127168               PROSERVER TELECOMUNI001BANCO DO BRASIL S.A.2012062100002104DEBITO AUTOMATICO                                                    
E00100000000001000000000011377000000000202062012072100000000000050003000000000000054                                            X                    0
E00100000000001000000000011377000000000202062012082100000000000050003000000000000055                                            X                    0
Z00000400000000000001000                                                                                                                              
