A127168               PROSERVER TELECOMUNI001BANCO DO BRASIL S.A.2012062700003804DEBITO AUTOMATICO                                                    
E00100000000050000000000128500000000001825542012062800000000000057903000066666666676                                            X                    0
E00100000000050000000000128500000000001825542012072800000000000449003000066666666677                                            X                    0
E00100000000050000000000128500000000001825542012082800000000000449003000066666666678                                            X                    0
E00100000000050000000000128500000000001825542012092800000000000449003000066666666679                                            X                    0
E00100000000050000000000128500000000001825542012102800000000000449003000066666666680                                            X                    0
E00100000000050000000000128500000000001825542012112800000000000449003000066666666681                                            X                    0
E00100000000050000000000128500000000001825542012122800000000000449003000066666666682                                            X                    0
E00100000000050000000000128500000000001825542013012800000000000449003000066666666683                                            X                    0
E00100000000050000000000128500000000001825542013022800000000000449003000066666666684                                            X                    0
E00100000000050000000000128500000000001825542013032800000000000449003000066666666685                                            X                    0
E00100000000050000000000128500000000001825542013042800000000000449003000066666666686                                            X                    0
E00100000000050000000000128500000000001825542013052800000000000449003000066666666687                                            X                    0
Z00001400000000000049969                                                                                                                              
