A1351                 CONECTLAN - SOLUCOES748SICREDI             2012050800000305DEBITO AUTOMATICO                                                    
E0010000000000100000000004035 12354         2012061300000000000083303000000000000007                                             1006134596000107    0
E0010000000000100000000004035 12354         2012060700000000000083303000000000000008                                             1006134596000107    0
E0010000000000100000000004035 12354         2012070700000000000083203000000000000009                                             1006134596000107    0
E0010000000000100000000004035 12354         2012080700000000000083203000000000000010                                             1006134596000107    0
Z00000600000000000003330                                                                                                                              
