A127168               PROSERVER TELECOMUNI001BANCO DO BRASIL S.A.2012062100001804DEBITO AUTOMATICO                                                    
Z00000200000000000000000                                                                                                                              
