A158816               CONECTLAN - SOLUCOES001BANCO DO BRASIL S.A.2012050900001404DEBITO AUTOMATICO                                                    
E00100000000001000000000031012000000001020102012060900000000000100003000000000000011                                            X                    0
E00100000000001000000000031012000000001020102012070900000000000100003000000000000012                                            X                    0
E00100000000001000000000031012000000001020102012080900000000000100003000000000000013                                            X                    0
E00100000000001000000000031012000000001020102012090900000000000100003000000000000014                                            X                    0
E0010000000000100000000008231 000000000123452012060900000000000100003000000000000001                                            X                    0
E0010000000000100000000008231 000000000123452012070900000000000100003000000000000002                                            X                    0
E0010000000000100000000008231 000000000123452012080900000000000100003000000000000003                                            X                    0
E0010000000000100000000008231 000000000123452012090900000000000100003000000000000004                                            X                    0
Z00001000000000000008000                                                                                                                              
