A13512                CONECTLAN - SOLUCOES748SICREDI             2012040400000105DEBITO AUTOMATICO                                                    
E0010000000000100000000004035 000000000123542012050400000000000050003000000000000001                                             1006134596000107    0
E0010000000000100000000004035 000000000123542012060400000000000050003000000000000002                                             1006134596000107    0
E0010000000000100000000004035 000000000123542012070400000000000050003000000000000003                                             1006134596000107    0
E0010000000000100000000004035 000000000123542012080400000000000050003000000000000004                                             1006134596000107    0
Z00000600000000000002000                                                                                                                              
