A162550               CONECTLAN - SOLUCOES748SICREDI             2013032700000105DEBITO AUTOMATICO                                                    
E00100000001000000000000011045224101        2013040500000000060023403000000000000001                                             2000000415035112    0
Z00000300000000000600234                                                                                                                              
