03300000        2006134596000107000000000000000                         CONECTLAN SOLUCOES TECNOLOGICABANCO SANTANDER                         112052012      000002040                                                                          
03300011R01  030 2006134596000107                    000000000000000     CONECTLAN SOLUCOES TECNOLOGICA                                                                                0000000212052012                                         
03300015         000003                                                                                                                                                                                                                         
03399999         000001000005                                                                                                                                                                                                                   
