A127168               PROSERVER TELECOMUNI001BANCO DO BRASIL S.A.2012062600003004DEBITO AUTOMATICO                                                    
E00100000000001000000000011377000000000202062012072600000000000250003000066666666669                                            X                    1
Z00000300000000000002500                                                                                                                              
