01REMESSA01COBRANCA       0130608411698000140                               748SICREDI        20120621        0000145                                                                                                                                                                                                                                                                                 2.00000001
1AAA            AAA                            112001967      20120621 N B0000    00000000000200            0601120019672007120000000004040         JN171011000000000000000110000000000000000000000000000000000000000000001000035642726072CELSO ANTONIO FUNK                      VILA DONA OTILIA, NS/N, ROQUE GONZALES -00000000000 9797097000000                                                       000002
2           112001967COBRAR MULTA DE $VALORMULTA APOS O VENCIMENTO                                   COBRAR JUROS DE $VALORJUROSDIARIOS AO DIA APOS O VENCIMENTO                     SUJEITO A SUSPENSAO DO SERVICO APOS 30 DIAS DE VENCIDO                          A CENTRAL DE ATENDIMENTO ASSISNET ESTA COM NOVO NUMERO [55] 3541 0700.          0112001967                                           000003
5E013060112001967 A01COBRAR MULTA DE $VALORMULTA APOS O VENCIMENTO                                   02COBRAR JUROS DE $VALORJUROSDIARIOS AO DIA APOS O VENCIMENTO                     03SUJEITO A SUSPENSAO DO SERVICO APOS 30 DIAS DE VENCIDO                          04A CENTRAL DE ATENDIMENTO ASSISNET ESTA COM NOVO NUMERO [55] 3541 0700.                                                         000004
1AAA            AAA                            112013116      20120621 N B0000    00000000000200            0601120131162007120000000005990         JN171011000000000000000160000000000000000000000000000000000000000000001000001356639038MARILIO DA ROSA                         RUA LORENCO BOTEGA, N127, CATUIPE - RS  00000000000 9877000000000                                                       000005
2           112013116COBRAR MULTA DE $VALORMULTA APOS O VENCIMENTO                                   COBRAR JUROS DE $VALORJUROSDIARIOS AO DIA APOS O VENCIMENTO                     SUJEITO A SUSPENSAO DO SERVICO APOS 30 DIAS DE VENCIDO                          A CENTRAL DE ATENDIMENTO ASSISNET ESTA COM NOVO NUMERO [55] 3541 0700.          0112013116                                           000006
5E013060112013116 A01COBRAR MULTA DE $VALORMULTA APOS O VENCIMENTO                                   02COBRAR JUROS DE $VALORJUROSDIARIOS AO DIA APOS O VENCIMENTO                     03SUJEITO A SUSPENSAO DO SERVICO APOS 30 DIAS DE VENCIDO                          04A CENTRAL DE ATENDIMENTO ASSISNET ESTA COM NOVO NUMERO [55] 3541 0700.                                                         000007
1AAA            AAA                            112028504      20120621 N B0000    00000000000200            0601120285042007120000000008900         JN171011000000000000000230000000000000000000000000000000000000000000001000000113087020DANIEL OTT KRUG                         AV. MANAUS, N240, IJUI - RS             00000000000 0987000000000                                                       000008
2           112028504COBRAR MULTA DE $VALORMULTA APOS O VENCIMENTO                                   COBRAR JUROS DE $VALORJUROSDIARIOS AO DIA APOS O VENCIMENTO                     SUJEITO A SUSPENSAO DO SERVICO APOS 30 DIAS DE VENCIDO                          A CENTRAL DE ATENDIMENTO ASSISNET ESTA COM NOVO NUMERO [55] 3541 0700.          0112028504                                           000009
5E013060112028504 A01COBRAR MULTA DE $VALORMULTA APOS O VENCIMENTO                                   02COBRAR JUROS DE $VALORJUROSDIARIOS AO DIA APOS O VENCIMENTO                     03SUJEITO A SUSPENSAO DO SERVICO APOS 30 DIAS DE VENCIDO                          04A CENTRAL DE ATENDIMENTO ASSISNET ESTA COM NOVO NUMERO [55] 3541 0700.                                                         000010
1AAA            AAA                            112029284      20120621 N B0000    00000000000200            0601120292842007120000000004490         JN171011000000000000000120000000000000000000000000000000000000000000001000000966438035LEANDRO CEZAR ZEPPE                     RUA PADRE WOLTER, N367, CERRO LARGO - RS00000000000 9790000000000                                                       000011
2           112029284COBRAR MULTA DE $VALORMULTA APOS O VENCIMENTO                                   COBRAR JUROS DE $VALORJUROSDIARIOS AO DIA APOS O VENCIMENTO                     SUJEITO A SUSPENSAO DO SERVICO APOS 30 DIAS DE VENCIDO                          A CENTRAL DE ATENDIMENTO ASSISNET ESTA COM NOVO NUMERO [55] 3541 0700.          0112029284                                           000012
5E013060112029284 A01COBRAR MULTA DE $VALORMULTA APOS O VENCIMENTO                                   02COBRAR JUROS DE $VALORJUROSDIARIOS AO DIA APOS O VENCIMENTO                     03SUJEITO A SUSPENSAO DO SERVICO APOS 30 DIAS DE VENCIDO                          04A CENTRAL DE ATENDIMENTO ASSISNET ESTA COM NOVO NUMERO [55] 3541 0700.                                                         000013
1AAA            AAA                            112029292      20120621 N B0000    00000000000200            0601120292922007120000000004490         JN171011000000000000000120000000000000000000000000000000000000000000001000093432100000DIRLENE DE FATIMA RIBAS MACIEL          AV. DOS JESUITAS, N510, SAO MIGUEL DAS M00000000000 9886500000000                                                       000014
2           112029292COBRAR MULTA DE $VALORMULTA APOS O VENCIMENTO                                   COBRAR JUROS DE $VALORJUROSDIARIOS AO DIA APOS O VENCIMENTO                     SUJEITO A SUSPENSAO DO SERVICO APOS 30 DIAS DE VENCIDO                          A CENTRAL DE ATENDIMENTO ASSISNET ESTA COM NOVO NUMERO [55] 3541 0700.          0112029292                                           000015
5E013060112029292 A01COBRAR MULTA DE $VALORMULTA APOS O VENCIMENTO                                   02COBRAR JUROS DE $VALORJUROSDIARIOS AO DIA APOS O VENCIMENTO                     03SUJEITO A SUSPENSAO DO SERVICO APOS 30 DIAS DE VENCIDO                          04A CENTRAL DE ATENDIMENTO ASSISNET ESTA COM NOVO NUMERO [55] 3541 0700.                                                         000016
1AAA            AAA                            112037791      20120621 N B0000    00000000000200            0601120377912007120000000004490         JN171111000000000000000120000000000000000000000000000000000000000000001000000343591090ANGELA TERESINHA GLASSMANN              RUA PROF. NICOLAU HARTMANN, N282, CERRO 00000000000 9790000000000                                                       000017
2           112037791COBRAR MULTA DE $VALORMULTA APOS O VENCIMENTO                                   COBRAR JUROS DE $VALORJUROSDIARIOS AO DIA APOS O VENCIMENTO                     SUJEITO A SUSPENSAO DO SERVICO APOS 30 DIAS DE VENCIDO                          A CENTRAL DE ATENDIMENTO ASSISNET ESTA COM NOVO NUMERO [55] 3541 0700.          0112037791                                           000018
5E013060112037791 A01COBRAR MULTA DE $VALORMULTA APOS O VENCIMENTO                                   02COBRAR JUROS DE $VALORJUROSDIARIOS AO DIA APOS O VENCIMENTO                     03SUJEITO A SUSPENSAO DO SERVICO APOS 30 DIAS DE VENCIDO                          04A CENTRAL DE ATENDIMENTO ASSISNET ESTA COM NOVO NUMERO [55] 3541 0700.                                                         000019
1AAA            AAA                            112059973      20120621 N B0000    00000000000200            0601120599732007120000000008900         JN171111000000000000000230000000000000000000000000000000000000000000001000088775151049LEILA P. BOSZKO                         RUA COMANDAI, NS/N, SENADOR SALGADO FILH00000000000 9889500000000                                                       000020
2           112059973COBRAR MULTA DE $VALORMULTA APOS O VENCIMENTO                                   COBRAR JUROS DE $VALORJUROSDIARIOS AO DIA APOS O VENCIMENTO                     SUJEITO A SUSPENSAO DO SERVICO APOS 30 DIAS DE VENCIDO                          A CENTRAL DE ATENDIMENTO ASSISNET ESTA COM NOVO NUMERO [55] 3541 0700.          0112059973                                           000021
5E013060112059973 A01COBRAR MULTA DE $VALORMULTA APOS O VENCIMENTO                                   02COBRAR JUROS DE $VALORJUROSDIARIOS AO DIA APOS O VENCIMENTO                     03SUJEITO A SUSPENSAO DO SERVICO APOS 30 DIAS DE VENCIDO                          04A CENTRAL DE ATENDIMENTO ASSISNET ESTA COM NOVO NUMERO [55] 3541 0700.                                                         000022
1AAA            AAA                            112060661      20120621 N B0000    00000000000200            0601120606612007120000000004490         JN171111000000000000000120000000000000000000000000000000000000000000001000000643017020FLAVIA MUNDSTOCK EMMEL                  RUA SANTOS DUMONT, N135, SANTA ROSA - RS00000000000 9890000000000                                                       000023
2           112060661COBRAR MULTA DE $VALORMULTA APOS O VENCIMENTO                                   COBRAR JUROS DE $VALORJUROSDIARIOS AO DIA APOS O VENCIMENTO                     SUJEITO A SUSPENSAO DO SERVICO APOS 30 DIAS DE VENCIDO                          A CENTRAL DE ATENDIMENTO ASSISNET ESTA COM NOVO NUMERO [55] 3541 0700.          0112060661                                           000024
5E013060112060661 A01COBRAR MULTA DE $VALORMULTA APOS O VENCIMENTO                                   02COBRAR JUROS DE $VALORJUROSDIARIOS AO DIA APOS O VENCIMENTO                     03SUJEITO A SUSPENSAO DO SERVICO APOS 30 DIAS DE VENCIDO                          04A CENTRAL DE ATENDIMENTO ASSISNET ESTA COM NOVO NUMERO [55] 3541 0700.                                                         000025
1AAA            AAA                            112071060      20120621 N B0000    00000000000200            0601120710602007120000000009900         JN171111000000000000000260000000000000000000000000000000000000000000002097263461000199FEPAGRO NOROESTE MISSOES                RUA BENVINDO GIORDANI, N1749, SANTA ROSA00000000000 9890000000000                                                       000026
2           112071060COBRAR MULTA DE $VALORMULTA APOS O VENCIMENTO                                   COBRAR JUROS DE $VALORJUROSDIARIOS AO DIA APOS O VENCIMENTO                     SUJEITO A SUSPENSAO DO SERVICO APOS 30 DIAS DE VENCIDO                          A CENTRAL DE ATENDIMENTO ASSISNET ESTA COM NOVO NUMERO [55] 3541 0700.          0112071060                                           000027
5E013060112071060 A01COBRAR MULTA DE $VALORMULTA APOS O VENCIMENTO                                   02COBRAR JUROS DE $VALORJUROSDIARIOS AO DIA APOS O VENCIMENTO                     03SUJEITO A SUSPENSAO DO SERVICO APOS 30 DIAS DE VENCIDO                          04A CENTRAL DE ATENDIMENTO ASSISNET ESTA COM NOVO NUMERO [55] 3541 0700.                                                         000028
1AAA            AAA                            112072341      20120621 N B0000    00000000000200            0601120723412007120000000005900         JN171111000000000000000150000000000000000000000000000000000000000000001000019317220053JOSE LINDOMIR KLEIN                     RUA BRASILIA , N95, SANTA ROSA - RS     00000000000 9890000000000                                                       000029
2           112072341COBRAR MULTA DE $VALORMULTA APOS O VENCIMENTO                                   COBRAR JUROS DE $VALORJUROSDIARIOS AO DIA APOS O VENCIMENTO                     SUJEITO A SUSPENSAO DO SERVICO APOS 30 DIAS DE VENCIDO                          A CENTRAL DE ATENDIMENTO ASSISNET ESTA COM NOVO NUMERO [55] 3541 0700.          0112072341                                           000030
5E013060112072341 A01COBRAR MULTA DE $VALORMULTA APOS O VENCIMENTO                                   02COBRAR JUROS DE $VALORJUROSDIARIOS AO DIA APOS O VENCIMENTO                     03SUJEITO A SUSPENSAO DO SERVICO APOS 30 DIAS DE VENCIDO                          04A CENTRAL DE ATENDIMENTO ASSISNET ESTA COM NOVO NUMERO [55] 3541 0700.                                                         000031
1AAA            AAA                            112072848      20120621 N B0000    00000000000200            0601120728481007120000000003900         JN171111000000000000000100000000000000000000000000000000000000000000001000001393335098TIAGO RODRIGO DA SILVA DA SILVA         RUA GERMANO LAUREANO, N58, IJUI - RS    00000000000 9870000000000                                                       000032
2           112072848COBRAR MULTA DE $VALORMULTA APOS O VENCIMENTO                                   COBRAR JUROS DE $VALORJUROSDIARIOS AO DIA APOS O VENCIMENTO                     SUJEITO A SUSPENSAO DO SERVICO APOS 30 DIAS DE VENCIDO                          A CENTRAL DE ATENDIMENTO ASSISNET ESTA COM NOVO NUMERO [55] 3541 0700.          0112072848                                           000033
5E013060112072848 A01COBRAR MULTA DE $VALORMULTA APOS O VENCIMENTO                                   02COBRAR JUROS DE $VALORJUROSDIARIOS AO DIA APOS O VENCIMENTO                     03SUJEITO A SUSPENSAO DO SERVICO APOS 30 DIAS DE VENCIDO                          04A CENTRAL DE ATENDIMENTO ASSISNET ESTA COM NOVO NUMERO [55] 3541 0700.                                                         000034
1AAA            AAA                            122074916      20120621 N B0000    00000000000200            0101220749162107120000000000500         JN210612000000000000000010000000000000000000000000000000000000000000002008411698000140PROSERVER TELECOMUNICACOES LTDA         RUA TENENTE JUNG, N534SALA 02, SANTO CRI00000000000 9896000000000                                                       000035
2           122074916COBRAR MULTA DE $VALORMULTA APOS O VENCIMENTO                                   COBRAR JUROS DE $VALORJUROSDIARIOS AO DIA APOS O VENCIMENTO                     SUJEITO A SUSPENSAO DO SERVICO APOS 30 DIAS DE VENCIDO                          A CENTRAL DE ATENDIMENTO ASSISNET ESTA COM NOVO NUMERO [55] 3541 0700.          0122074916                                           000036
5E013060122074916 A01COBRAR MULTA DE $VALORMULTA APOS O VENCIMENTO                                   02COBRAR JUROS DE $VALORJUROSDIARIOS AO DIA APOS O VENCIMENTO                     03SUJEITO A SUSPENSAO DO SERVICO APOS 30 DIAS DE VENCIDO                          04A CENTRAL DE ATENDIMENTO ASSISNET ESTA COM NOVO NUMERO [55] 3541 0700.                                                         000037
9174801306                                                                                                                                                                                                                                                                                                                                                                                                000038
