01REMESSA01COBRANCA       00000000000000000000PROSERVER TELECOMUNICACOES LTD237BRADESCO       210612        MX0000002                                                                                                                                                                                                                                                                                     000001
9                                                                                                                                                                                                                                                                                                                                                                                                         000002
