01REMESSA01COBRANCA       00000000000004155748CONECTLAN SOLUCOES TECNOLOGICA237BRADESCO       090512        MX0000001                                                                                                                                                                                                                                                                                     000001
100000 00000000000000009003160128681100000000000000000000000010002000000000000000000000000001            0  01000000000109061200000000010000000000000N090512000000000000000000000000000000000000000000000000000000000000000206134596000107CONECTLAN SOLUCOES TECNOLOGICAS LTDA ME AV MATO GROSSO, 1842 - TERREO - SETOR CE            77403020                                                            000002
100000 00000000000000009003160128681100000000000000000000000010002000000000000000000000000001            0  01000000000209071200000000010000000000000N090512000000000000000000000000000000000000000000000000000000000000000206134596000107CONECTLAN SOLUCOES TECNOLOGICAS LTDA ME AV MATO GROSSO, 1842 - TERREO - SETOR CE            77403020                                                            000003
100000 00000000000000009003160128681100000000000000000000000010002000000000000000000000000001            0  01000000000309081200000000010000000000000N090512000000000000000000000000000000000000000000000000000000000000000206134596000107CONECTLAN SOLUCOES TECNOLOGICAS LTDA ME AV MATO GROSSO, 1842 - TERREO - SETOR CE            77403020                                                            000004
100000 00000000000000009003160128681100000000000000000000000010002000000000000000000000000001            0  01000000000409091200000000010000000000000N090512000000000000000000000000000000000000000000000000000000000000000206134596000107CONECTLAN SOLUCOES TECNOLOGICAS LTDA ME AV MATO GROSSO, 1842 - TERREO - SETOR CE            77403020                                                            000005
100000 00000000000000009003160128681100000000000000000000000010002000000000000000000000000001            0  01000000000109061200000000010000000000000N090512000000000000000000000000000000000000000000000000000000000000000206134596000107CONECTLAN SOLUCOES TECNOLOGICAS LTDA ME AV MATO GROSSO, 1842 - TERREO - SETOR CE            77403020                                                            000006
100000 00000000000000009003160128681100000000000000000000000010002000000000000000000000000001            0  01000000000209071200000000010000000000000N090512000000000000000000000000000000000000000000000000000000000000000206134596000107CONECTLAN SOLUCOES TECNOLOGICAS LTDA ME AV MATO GROSSO, 1842 - TERREO - SETOR CE            77403020                                                            000007
100000 00000000000000009003160128681100000000000000000000000010002000000000000000000000000001            0  01000000000309081200000000010000000000000N090512000000000000000000000000000000000000000000000000000000000000000206134596000107CONECTLAN SOLUCOES TECNOLOGICAS LTDA ME AV MATO GROSSO, 1842 - TERREO - SETOR CE            77403020                                                            000008
9                                                                                                                                                                                                                                                                                                                                                                                                         000009
