02RETORNO01COBRANCA       0130608411698000140                               748BANSICREDI     20120601        0000161                                                                                                                                                                                                                                                                                 1.00000001
1            C0000000000                       122310024                                                    06310512          030703                    0000000004490                                                              00000000000000000000000000000000000449000000000000000000000000000                          00        20120531                                                          000002
1            C0000000000                       122310024                                                    28310512          030703                    0000000000120                                                              00000000000000000000000000000000000449000000000000000000000000000                          B3        20120531                                                          000003
1            C0000000000                       122308453                                                    06310512          030722                    0000000004490                                                              00000000000000000000000000000000000449000000000000000000000000000                          00        20120531                                                          000004
1            C0000000000                       122308453                                                    28310512          030722                    0000000000120                                                              00000000000000000000000000000000000449000000000000000000000000000                          B3        20120531                                                          000005
1            C0000000000                       122315115                                                    06310512          030703                    0000000004490                                                              00000000000000000000000000000000000449000000000000000000000000000                          00        20120531                                                          000006
1            C0000000000                       122315115                                                    28310512          030703                    0000000000120                                                              00000000000000000000000000000000000449000000000000000000000000000                          B3        20120531                                                          000007
1            C0000000000                       122287090                                                    06310512          030703                    0000000004490                                                              00000000000000000000000000000000000449000000000000000000000000000                          00        20120531                                                          000008
1            C0000000000                       122287090                                                    28310512          030703                    0000000000120                                                              00000000000000000000000000000000000449000000000000000000000000000                          B3        20120531                                                          000009
1            C0000000000                       122277868                                                    06310512          030702                    0000000005990                                                              00000000000000000000000000000000000599000000000000000000000000000                          00        20120531                                                          000010
1            C0000000000                       122277868                                                    28310512          030702                    0000000000120                                                              00000000000000000000000000000000000599000000000000000000000000000                          B3        20120531                                                          000011
1            C0000000000                       122286794                                                    06310512          030703                    0000000004490                                                              00000000000000000000000000000000000449000000000000000000000000000                          00        20120531                                                          000012
1            C0000000000                       122286794                                                    28310512          030703                    0000000000120                                                              00000000000000000000000000000000000449000000000000000000000000000                          B3        20120531                                                          000013
1            C0000000000                       122296340                                                    06310512          030703                    0000000004490                                                              00000000000000000000000000000000000449000000000000000000000000000                          00        20120531                                                          000014
1            C0000000000                       122296340                                                    28310512          030703                    0000000000120                                                              00000000000000000000000000000000000449000000000000000000000000000                          B3        20120531                                                          000015
1            C0000000000                       122302390                                                    06310512          030715                    0000000004040                                                              00000000000000000000000000000000000404000000000000000000000000000                          00        20120531                                                          000016
1            C0000000000                       122302390                                                    28310512          030715                    0000000000120                                                              00000000000000000000000000000000000404000000000000000000000000000                          B3        20120531                                                          000017
1            C0000000000                       122295262                                                    06310512          030705                    0000000004040                                                              00000000000000000000000000000000000404000000000000000000000000000                          00        20120531                                                          000018
1            C0000000000                       122295262                                                    28310512          030705                    0000000000120                                                              00000000000000000000000000000000000404000000000000000000000000000                          B3        20120531                                                          000019
1            C0000000000                       122293600                                                    06310512          030703                    0000000004490                                                              00000000000000000000000000000000000449000000000000000000000000000                          00        20120531                                                          000020
1            C0000000000                       122293600                                                    28310512          030703                    0000000000120                                                              00000000000000000000000000000000000449000000000000000000000000000                          B3        20120531                                                          000021
1            C0000000000                       122305225                                                    06310512          030703                    0000000004490                                                              00000000000000000000000000000000000449000000000000000000000000000                          00        20120531                                                          000022
1            C0000000000                       122305225                                                    28310512          030703                    0000000000120                                                              00000000000000000000000000000000000449000000000000000000000000000                          B3        20120531                                                          000023
1            C0000000000                       122301548                                                    06310512          030706                    0000000007990                                                              00000000000000000000000000000000000799000000000000000000000000000                          00        20120531                                                          000024
1            C0000000000                       122301548                                                    28310512          030706                    0000000000120                                                              00000000000000000000000000000000000799000000000000000000000000000                          B3        20120531                                                          000025
1            C0000000000                       122293901                                                    06310512          030726                    0000000004040                                                              00000000000000000000000000000000000404000000000000000000000000000                          00        20120531                                                          000026
1            C0000000000                       122293901                                                    28310512          030726                    0000000000120                                                              00000000000000000000000000000000000404000000000000000000000000000                          B3        20120531                                                          000027
1            C0000000000                       122298180                                                    06310512          030726                    0000000004490                                                              00000000000000000000000000000000000449000000000000000000000000000                          00        20120531                                                          000028
1            C0000000000                       122298180                                                    28310512          030726                    0000000000120                                                              00000000000000000000000000000000000449000000000000000000000000000                          B3        20120531                                                          000029
1            C0000000000                       122304881                                                    06310512          030703                    0000000004490                                                              00000000000000000000000000000000000449000000000000000000000000000                          00        20120531                                                          000030
1            C0000000000                       122304881                                                    28310512          030703                    0000000000120                                                              00000000000000000000000000000000000449000000000000000000000000000                          B3        20120531                                                          000031
1            C0000000000                       122304938                                                    06310512          036103                    0000000005900                                                              00000000000000000000000000000000000590000000000000000000000000000                          00        20120531                                                          000032
1            C0000000000                       122304938                                                    28310512          036103                    0000000000120                                                              00000000000000000000000000000000000590000000000000000000000000000                          B3        20120531                                                          000033
1            C0000000000                       122257425                                                    06310512          030706                    0000000004490                                                              00000000000000000000000000000000000483200000000002520000000000090                          00        20120531                                                          000034
1            C0000000000                       122257425                                                    28310512          030706                    0000000000120                                                              00000000000000000000000000000000000483200000000002520000000000090                          B3        20120531                                                          000035
1            C0000000000                       122274346                                                    06310512          030703                    0000000004490                                                              00000000000000000000000000000000000483200000000002520000000000090                          00        20120531                                                          000036
1            C0000000000                       122274346                                                    28310512          030703                    0000000000120                                                              00000000000000000000000000000000000483200000000002520000000000090                          B3        20120531                                                          000037
1            C0000000000                       122250773                                                    06310512          030707                    0000000004342                                                              00000000000000000000000000000000000434200000000000000000000000000                          00        20120531                                                          000038
1            C0000000000                       122250773                                                    28310512          030707                    0000000000120                                                              00000000000000000000000000000000000434200000000000000000000000000                          B3        20120531                                                          000039
1            C0000000000                       122288452                                                    06310512          030707                    0000000004040                                                              00000000000000000000000000000000000404000000000000000000000000000                          00        20120531                                                          000040
1            C0000000000                       122288452                                                    28310512          030707                    0000000000120                                                              00000000000000000000000000000000000404000000000000000000000000000                          B3        20120531                                                          000041
1            C0000000000                       122269989                                                    06310512          030729                    0000000004040                                                              00000000000000000000000000000000000435200000000002310000000000081                          00        20120531                                                          000042
1            C0000000000                       122269989                                                    28310512          030729                    0000000000120                                                              00000000000000000000000000000000000435200000000002310000000000081                          B3        20120531                                                          000043
1            C0000000000                       122284880                                                    06310512          030703                    0000000004490                                                              00000000000000000000000000000000000449000000000000000000000000000                          00        20120531                                                          000044
1            C0000000000                       122284880                                                    28310512          030703                    0000000000120                                                              00000000000000000000000000000000000449000000000000000000000000000                          B3        20120531                                                          000045
1            C0000000000                       122264162                                                    06310512          036108                    0000000005900                                                              00000000000000000000000000000000000628400000000003150000000000069                          00        20120531                                                          000046
1            C0000000000                       122264162                                                    28310512          036108                    0000000000120                                                              00000000000000000000000000000000000628400000000003150000000000069                          B3        20120531                                                          000047
1            C0000000000                       122282276                                                    06310512          030726                    0000000005390                                                              00000000000000000000000000000000000539000000000000000000000000000                          00        20120531                                                          000048
1            C0000000000                       122282276                                                    28310512          030726                    0000000000120                                                              00000000000000000000000000000000000539000000000000000000000000000                          B3        20120531                                                          000049
1            C0000000000                       122284740                                                    06310512          030721                    0000000004040                                                              00000000000000000000000000000000000404000000000000000000000000000                          00        20120531                                                          000050
1            C0000000000                       122284740                                                    28310512          030721                    0000000000120                                                              00000000000000000000000000000000000404000000000000000000000000000                          B3        20120531                                                          000051
1            C0000000000                       122277221                                                    06310512          030704                    0000000001646                                                              00000000000000000000000000000000000176300000000000840000000000033                          00        20120531                                                          000052
1            C0000000000                       122277221                                                    28310512          030704                    0000000000120                                                              00000000000000000000000000000000000176300000000000840000000000033                          B3        20120531                                                          000053
1            C0000000000                       122310580                                                    06310512          030704                    0000000004490                                                              00000000000000000000000000000000000449000000000000000000000000000                          00        20120531                                                          000054
1            C0000000000                       122310580                                                    28310512          030704                    0000000000120                                                              00000000000000000000000000000000000449000000000000000000000000000                          B3        20120531                                                          000055
1            C0000000000                       122260272                                                    06310512          030737                    0000000005990                                                              00000000000000000000000000000000000644600000000003360000000000120                          00        20120531                                                          000056
1            C0000000000                       122260272                                                    28310512          030737                    0000000000120                                                              00000000000000000000000000000000000644600000000003360000000000120                          B3        20120531                                                          000057
1            C0000000000                       122269733                                                    06310512          030729                    0000000005990                                                              00000000000000000000000000000000000644600000000003360000000000120                          00        20120531                                                          000058
1            C0000000000                       122269733                                                    28310512          030729                    0000000000120                                                              00000000000000000000000000000000000644600000000003360000000000120                          B3        20120531                                                          000059
1            C0000000000                       122312027                                                    06310512          030702                    0000000003900                                                              00000000000000000000000000000000000390000000000000000000000000000                          00        20120531                                                          000060
1            C0000000000                       122312027                                                    28310512          030702                    0000000000120                                                              00000000000000000000000000000000000390000000000000000000000000000                          B3        20120531                                                          000061
1            C0000000000                       122271401                                                    06310512          030735                    0000000003900                                                              00000000000000000000000000000000000418800000000002100000000000078                          00        20120531                                                          000062
1            C0000000000                       122271401                                                    28310512          030735                    0000000000120                                                              00000000000000000000000000000000000418800000000002100000000000078                          B3        20120531                                                          000063
1            C0000000000                       122314950                                                    06310512          030726                    0000000004490                                                              00000000000000000000000000000000000449000000000000000000000000000                          00        20120531                                                          000064
1            C0000000000                       122314950                                                    28310512          030726                    0000000000120                                                              00000000000000000000000000000000000449000000000000000000000000000                          B3        20120531                                                          000065
1            C0000000000                       122307422                                                    06310512          COMPE                     0000000003900                                                              00000000000000000000000000000000000390000000000000000000000000000                          H5        20120531                                                          000066
1            C0000000000                       122307422                                                    28310512          COMPE                     0000000000120                                                              00000000000000000000000000000000000390000000000000000000000000000                          B3        20120531                                                          000067
1            C0000000000                       122294983                                                    06310512          COMPE                     0000000004490                                                              00000000000000000000000000000000000449000000000000000000000000000                          H5        20120531                                                          000068
1            C0000000000                       122294983                                                    28310512          COMPE                     0000000000120                                                              00000000000000000000000000000000000449000000000000000000000000000                          B3        20120531                                                          000069
1            C0000000000                       122301521                                                    06310512          COMPE                     0000000004490                                                              00000000000000000000000000000000000449000000000000000000000000000                          H5        20120531                                                          000070
1            C0000000000                       122301521                                                    28310512          COMPE                     0000000000120                                                              00000000000000000000000000000000000449000000000000000000000000000                          B3        20120531                                                          000071
1            C0000000000                       122282217                                                    06310512          COMPE                     0000000004490                                                              00000000000000000000000000000000000449000000000000000000000000000                          H5        20120531                                                          000072
1            C0000000000                       122282217                                                    28310512          COMPE                     0000000000120                                                              00000000000000000000000000000000000449000000000000000000000000000                          B3        20120531                                                          000073
1            C0000000000                       122290198                                                    06310512          COMPE                     0000000004490                                                              00000000000000000000000000000000000449000000000000000000000000000                          H5        20120531                                                          000074
1            C0000000000                       122290198                                                    28310512          COMPE                     0000000000120                                                              00000000000000000000000000000000000449000000000000000000000000000                          B3        20120531                                                          000075
1            C0000000000                       122301742                                                    06310512          COMPE                     0000000004490                                                              00000000000000000000000000000000000449000000000000000000000000000                          H5        20120531                                                          000076
1            C0000000000                       122301742                                                    28310512          COMPE                     0000000000120                                                              00000000000000000000000000000000000449000000000000000000000000000                          B3        20120531                                                          000077
1            C0000000000                       122307724                                                    06310512          COMPE                     0000000004490                                                              00000000000000000000000000000000000449000000000000000000000000000                          H5        20120531                                                          000078
1            C0000000000                       122307724                                                    28310512          COMPE                     0000000000120                                                              00000000000000000000000000000000000449000000000000000000000000000                          B3        20120531                                                          000079
1            C0000000000                       122288665                                                    06310512          COMPE                     0000000005990                                                              00000000000000000000000000000000000599000000000000000000000000000                          H5        20120531                                                          000080
1            C0000000000                       122288665                                                    28310512          COMPE                     0000000000120                                                              00000000000000000000000000000000000599000000000000000000000000000                          B3        20120531                                                          000081
1            C0000000000                       122307430                                                    06310512          COMPE                     0000000003900                                                              00000000000000000000000000000000000390000000000000000000000000000                          H5        20120531                                                          000082
1            C0000000000                       122307430                                                    28310512          COMPE                     0000000000120                                                              00000000000000000000000000000000000390000000000000000000000000000                          B3        20120531                                                          000083
1            C0000000000                       122279372                                                    06310512          COMPE                     0000000004490                                                              00000000000000000000000000000000000449000000000000000000000000000                          H5        20120531                                                          000084
1            C0000000000                       122279372                                                    28310512          COMPE                     0000000000120                                                              00000000000000000000000000000000000449000000000000000000000000000                          B3        20120531                                                          000085
1            C0000000000                       122306949                                                    06310512          COMPE                     0000000004490                                                              00000000000000000000000000000000000449000000000000000000000000000                          H5        20120531                                                          000086
1            C0000000000                       122306949                                                    28310512          COMPE                     0000000000120                                                              00000000000000000000000000000000000449000000000000000000000000000                          B3        20120531                                                          000087
1            C0000000000                       122311551                                                    06310512          COMPE                     0000000005990                                                              00000000000000000000000000000000000599000000000000000000000000000                          H5        20120531                                                          000088
1            C0000000000                       122311551                                                    28310512          COMPE                     0000000000120                                                              00000000000000000000000000000000000599000000000000000000000000000                          B3        20120531                                                          000089
1            C0000000000                       122291623                                                    06310512          COMPE                     0000000005390                                                              00000000000000000000000000000000000539000000000000000000000000000                          H5        20120531                                                          000090
1            C0000000000                       122291623                                                    28310512          COMPE                     0000000000120                                                              00000000000000000000000000000000000539000000000000000000000000000                          B3        20120531                                                          000091
1            C0000000000                       122298741                                                    06310512          COMPE                     0000000004490                                                              00000000000000000000000000000000000449000000000000000000000000000                          H5        20120531                                                          000092
1            C0000000000                       122298741                                                    28310512          COMPE                     0000000000120                                                              00000000000000000000000000000000000449000000000000000000000000000                          B3        20120531                                                          000093
1            C0000000000                       122295440                                                    06310512          COMPE                     0000000008900                                                              00000000000000000000000000000000000890000000000000000000000000000                          H5        20120531                                                          000094
1            C0000000000                       122295440                                                    28310512          COMPE                     0000000000120                                                              00000000000000000000000000000000000890000000000000000000000000000                          B3        20120531                                                          000095
1            C0000000000                       122286239                                                    06310512          COMPE                     0000000043970                                                              00000000000000000000000000000000004397000000000000000000000000000                          H5        20120531                                                          000096
1            C0000000000                       122286239                                                    28310512          COMPE                     0000000000120                                                              00000000000000000000000000000000004397000000000000000000000000000                          B3        20120531                                                          000097
1            C0000000000                       122285321                                                    06310512          COMPE                     0000000004040                                                              00000000000000000000000000000000000404000000000000000000000000000                          H5        20120531                                                          000098
1            C0000000000                       122285321                                                    28310512          COMPE                     0000000000120                                                              00000000000000000000000000000000000404000000000000000000000000000                          B3        20120531                                                          000099
1            C0000000000                       122291933                                                    06310512          COMPE                     0000000004490                                                              00000000000000000000000000000000000449000000000000000000000000000                          H5        20120531                                                          000100
1            C0000000000                       122291933                                                    28310512          COMPE                     0000000000120                                                              00000000000000000000000000000000000449000000000000000000000000000                          B3        20120531                                                          000101
1            C0000000000                       122309026                                                    06310512          COMPE                     0000000004490                                                              00000000000000000000000000000000000449000000000000000000000000000                          H5        20120531                                                          000102
1            C0000000000                       122309026                                                    28310512          COMPE                     0000000000120                                                              00000000000000000000000000000000000449000000000000000000000000000                          B3        20120531                                                          000103
1            C0000000000                       122303796                                                    06310512          COMPE                     0000000004490                                                              00000000000000000000000000000000000449000000000000000000000000000                          H5        20120531                                                          000104
1            C0000000000                       122303796                                                    28310512          COMPE                     0000000000120                                                              00000000000000000000000000000000000449000000000000000000000000000                          B3        20120531                                                          000105
1            C0000000000                       122280753                                                    06310512          COMPE                     0000000004490                                                              00000000000000000000000000000000000449000000000000000000000000000                          H5        20120531                                                          000106
1            C0000000000                       122280753                                                    28310512          COMPE                     0000000000120                                                              00000000000000000000000000000000000449000000000000000000000000000                          B3        20120531                                                          000107
1            C0000000000                       122288762                                                    06310512          COMPE                     0000000004490                                                              00000000000000000000000000000000000449000000000000000000000000000                          H5        20120531                                                          000108
1            C0000000000                       122288762                                                    28310512          COMPE                     0000000000120                                                              00000000000000000000000000000000000449000000000000000000000000000                          B3        20120531                                                          000109
1            C0000000000                       122297303                                                    06310512          COMPE                     0000000004490                                                              00000000000000000000000000000000000449000000000000000000000000000                          H5        20120531                                                          000110
1            C0000000000                       122297303                                                    28310512          COMPE                     0000000000120                                                              00000000000000000000000000000000000449000000000000000000000000000                          B3        20120531                                                          000111
1            C0000000000                       122299888                                                    06310512          COMPE                     0000000005990                                                              00000000000000000000000000000000000599000000000000000000000000000                          H5        20120531                                                          000112
1            C0000000000                       122299888                                                    28310512          COMPE                     0000000000120                                                              00000000000000000000000000000000000599000000000000000000000000000                          B3        20120531                                                          000113
1            C0000000000                       122311055                                                    06310512          COMPE                     0000000004490                                                              00000000000000000000000000000000000449000000000000000000000000000                          H5        20120531                                                          000114
1            C0000000000                       122311055                                                    28310512          COMPE                     0000000000120                                                              00000000000000000000000000000000000449000000000000000000000000000                          B3        20120531                                                          000115
1            C0000000000                       122309050                                                    06310512          COMPE                     0000000005990                                                              00000000000000000000000000000000000599000000000000000000000000000                          H5        20120531                                                          000116
1            C0000000000                       122309050                                                    28310512          COMPE                     0000000000120                                                              00000000000000000000000000000000000599000000000000000000000000000                          B3        20120531                                                          000117
1            C0000000000                       122281822                                                    06310512          COMPE                     0000000004040                                                              00000000000000000000000000000000000404000000000000000000000000000                          H5        20120531                                                          000118
1            C0000000000                       122281822                                                    28310512          COMPE                     0000000000120                                                              00000000000000000000000000000000000404000000000000000000000000000                          B3        20120531                                                          000119
1            C0000000000                       122312078                                                    06310512          COMPE                     0000000005990                                                              00000000000000000000000000000000000599000000000000000000000000000                          H5        20120531                                                          000120
1            C0000000000                       122312078                                                    28310512          COMPE                     0000000000120                                                              00000000000000000000000000000000000599000000000000000000000000000                          B3        20120531                                                          000121
1            C0000000000                       122293782                                                    06310512          COMPE                     0000000004040                                                              00000000000000000000000000000000000404000000000000000000000000000                          H5        20120531                                                          000122
1            C0000000000                       122293782                                                    28310512          COMPE                     0000000000120                                                              00000000000000000000000000000000000404000000000000000000000000000                          B3        20120531                                                          000123
1            C0000000000                       122304741                                                    06310512          COMPE                     0000000007990                                                              00000000000000000000000000000000000799000000000000000000000000000                          H5        20120531                                                          000124
1            C0000000000                       122304741                                                    28310512          COMPE                     0000000000120                                                              00000000000000000000000000000000000799000000000000000000000000000                          B3        20120531                                                          000125
1            C0000000000                       122306426                                                    06310512          COMPE                     0000000004490                                                              00000000000000000000000000000000000449000000000000000000000000000                          H5        20120531                                                          000126
1            C0000000000                       122306426                                                    28310512          COMPE                     0000000000120                                                              00000000000000000000000000000000000449000000000000000000000000000                          B3        20120531                                                          000127
1            C0000000000                       122245486                                                    06310512          COMPE                     0000000004825                                                              00000000000000000000000000000000000482500000000000000000000000000                          H5        20120531                                                          000128
1            C0000000000                       122245486                                                    28310512          COMPE                     0000000000120                                                              00000000000000000000000000000000000482500000000000000000000000000                          B3        20120531                                                          000129
1            C0000000000                       122281970                                                    06310512          COMPE                     0000000004490                                                              00000000000000000000000000000000000449000000000000000000000000000                          H5        20120531                                                          000130
1            C0000000000                       122281970                                                    28310512          COMPE                     0000000000120                                                              00000000000000000000000000000000000449000000000000000000000000000                          B3        20120531                                                          000131
1            C0000000000                       122308640                                                    06310512          COMPE                     0000000004490                                                              00000000000000000000000000000000000449000000000000000000000000000                          H5        20120531                                                          000132
1            C0000000000                       122308640                                                    28310512          COMPE                     0000000000120                                                              00000000000000000000000000000000000449000000000000000000000000000                          B3        20120531                                                          000133
1            C0000000000                       122296838                                                    06310512          COMPE                     0000000004490                                                              00000000000000000000000000000000000449000000000000000000000000000                          H5        20120531                                                          000134
1            C0000000000                       122296838                                                    28310512          COMPE                     0000000000120                                                              00000000000000000000000000000000000449000000000000000000000000000                          B3        20120531                                                          000135
1            C0000000000                       122309450                                                    06310512          COMPE                     0000000004040                                                              00000000000000000000000000000000000404000000000000000000000000000                          H5        20120531                                                          000136
1            C0000000000                       122309450                                                    28310512          COMPE                     0000000000120                                                              00000000000000000000000000000000000404000000000000000000000000000                          B3        20120531                                                          000137
1            C0000000000                       122292786                                                    06310512          COMPE                     0000000004040                                                              00000000000000000000000000000000000404000000000000000000000000000                          H5        20120531                                                          000138
1            C0000000000                       122292786                                                    28310512          COMPE                     0000000000120                                                              00000000000000000000000000000000000404000000000000000000000000000                          B3        20120531                                                          000139
1            C0000000000                       122303125                                                    06310512          COMPE                     0000000004040                                                              00000000000000000000000000000000000404000000000000000000000000000                          H5        20120531                                                          000140
1            C0000000000                       122303125                                                    28310512          COMPE                     0000000000120                                                              00000000000000000000000000000000000404000000000000000000000000000                          B3        20120531                                                          000141
1            C0000000000                       122314852                                                    06310512          COMPE                     0000000004490                                                              00000000000000000000000000000000000449000000000000000000000000000                          H5        20120531                                                          000142
1            C0000000000                       122314852                                                    28310512          COMPE                     0000000000120                                                              00000000000000000000000000000000000449000000000000000000000000000                          B3        20120531                                                          000143
1            C0000000000                       122295815                                                    06310512          COMPE                     0000000004040                                                              00000000000000000000000000000000000404000000000000000000000000000                          H5        20120531                                                          000144
1            C0000000000                       122295815                                                    28310512          COMPE                     0000000000120                                                              00000000000000000000000000000000000404000000000000000000000000000                          B3        20120531                                                          000145
1            C0000000000                       122289050                                                    06310512          COMPE                     0000000004040                                                              00000000000000000000000000000000000404000000000000000000000000000                          H5        20120531                                                          000146
1            C0000000000                       122289050                                                    28310512          COMPE                     0000000000120                                                              00000000000000000000000000000000000404000000000000000000000000000                          B3        20120531                                                          000147
1            C0000000000                       122292042                                                    06310512          COMPE                     0000000005990                                                              00000000000000000000000000000000000599000000000000000000000000000                          H5        20120531                                                          000148
1            C0000000000                       122292042                                                    28310512          COMPE                     0000000000120                                                              00000000000000000000000000000000000599000000000000000000000000000                          B3        20120531                                                          000149
1            C0000000000                       122278635                                                    06310512          COMPE                     0000000004040                                                              00000000000000000000000000000000000404000000000000000000000000000                          H5        20120531                                                          000150
1            C0000000000                       122278635                                                    28310512          COMPE                     0000000000120                                                              00000000000000000000000000000000000404000000000000000000000000000                          B3        20120531                                                          000151
1            C0000000000                       122312124                                                    06310512          COMPE                     0000000003900                                                              00000000000000000000000000000000000390000000000000000000000000000                          H5        20120531                                                          000152
1            C0000000000                       122312124                                                    28310512          COMPE                     0000000000120                                                              00000000000000000000000000000000000390000000000000000000000000000                          B3        20120531                                                          000153
1            C0000000000                       122307791                                                    06310512          COMPE                     0000000003900                                                              00000000000000000000000000000000000390000000000000000000000000000                          H5        20120531                                                          000154
1            C0000000000                       122307791                                                    28310512          COMPE                     0000000000120                                                              00000000000000000000000000000000000390000000000000000000000000000                          B3        20120531                                                          000155
1            C0000000000                       122298547                                                    06310512          COMPE                     0000000003900                                                              00000000000000000000000000000000000390000000000000000000000000000                          H5        20120531                                                          000156
1            C0000000000                       122298547                                                    28310512          COMPE                     0000000000120                                                              00000000000000000000000000000000000390000000000000000000000000000                          B3        20120531                                                          000157
1            C0000000000                       122312558                                                    06310512          COMPE                     0000000003900                                                              00000000000000000000000000000000000390000000000000000000000000000                          H5        20120531                                                          000158
1            C0000000000                       122312558                                                    28310512          COMPE                     0000000000120                                                              00000000000000000000000000000000000390000000000000000000000000000                          B3        20120531                                                          000159
1            C0000000000                       122305039                                                    06310512          COMPE                     0000000003900                                                              00000000000000000000000000000000000390000000000000000000000000000                          H5        20120531                                                          000160
1            C0000000000                       122305039                                                    28310512          COMPE                     0000000000120                                                              00000000000000000000000000000000000390000000000000000000000000000                          B3        20120531                                                          000161
1            C0000000000                       122282691                                                    06310512          COMPE                     0000000004040                                                              00000000000000000000000000000000000404000000000000000000000000000                          H5        20120531                                                          000162
1            C0000000000                       122282691                                                    28310512          COMPE                     0000000000120                                                              00000000000000000000000000000000000404000000000000000000000000000                          B3        20120531                                                          000163
1            C0000000000                       122291232                                                    06310512          COMPE                     0000000004490                                                              00000000000000000000000000000000000449000000000000000000000000000                          H5        20120531                                                          000164
1            C0000000000                       122291232                                                    28310512          COMPE                     0000000000120                                                              00000000000000000000000000000000000449000000000000000000000000000                          B3        20120531                                                          000165
1            C0000000000                       122278899                                                    06310512          COMPE                     0000000004490                                                              00000000000000000000000000000000000449000000000000000000000000000                          H5        20120531                                                          000166
1            C0000000000                       122278899                                                    28310512          COMPE                     0000000000120                                                              00000000000000000000000000000000000449000000000000000000000000000                          B3        20120531                                                          000167
1            C0000000000                       122280877                                                    06310512          COMPE                     0000000004490                                                              00000000000000000000000000000000000449000000000000000000000000000                          H5        20120531                                                          000168
1            C0000000000                       122280877                                                    28310512          COMPE                     0000000000120                                                              00000000000000000000000000000000000449000000000000000000000000000                          B3        20120531                                                          000169
1            C0000000000                       122306221                                                    06310512          COMPE                     0000000004490                                                              00000000000000000000000000000000000449000000000000000000000000000                          H5        20120531                                                          000170
1            C0000000000                       122306221                                                    28310512          COMPE                     0000000000120                                                              00000000000000000000000000000000000449000000000000000000000000000                          B3        20120531                                                          000171
1            C0000000000                       122300592                                                    06310512          COMPE                     0000000004490                                                              00000000000000000000000000000000000449000000000000000000000000000                          H5        20120531                                                          000172
1            C0000000000                       122300592                                                    28310512          COMPE                     0000000000120                                                              00000000000000000000000000000000000449000000000000000000000000000                          B3        20120531                                                          000173
1            C0000000000                       122300991                                                    06310512          COMPE                     0000000004490                                                              00000000000000000000000000000000000449000000000000000000000000000                          H5        20120531                                                          000174
1            C0000000000                       122300991                                                    28310512          COMPE                     0000000000120                                                              00000000000000000000000000000000000449000000000000000000000000000                          B3        20120531                                                          000175
1            C0000000000                       122304903                                                    06310512          COMPE                     0000000004490                                                              00000000000000000000000000000000000449000000000000000000000000000                          H5        20120531                                                          000176
1            C0000000000                       122304903                                                    28310512          COMPE                     0000000000120                                                              00000000000000000000000000000000000449000000000000000000000000000                          B3        20120531                                                          000177
1            C0000000000                       122303389                                                    06310512          COMPE                     0000000004490                                                              00000000000000000000000000000000000449000000000000000000000000000                          H5        20120531                                                          000178
1            C0000000000                       122303389                                                    28310512          COMPE                     0000000000120                                                              00000000000000000000000000000000000449000000000000000000000000000                          B3        20120531                                                          000179
1            C0000000000                       122291860                                                    06310512          COMPE                     0000000004490                                                              00000000000000000000000000000000000449000000000000000000000000000                          H5        20120531                                                          000180
1            C0000000000                       122291860                                                    28310512          COMPE                     0000000000120                                                              00000000000000000000000000000000000449000000000000000000000000000                          B3        20120531                                                          000181
1            C0000000000                       122290821                                                    06310512          COMPE                     0000000004490                                                              00000000000000000000000000000000000449000000000000000000000000000                          H5        20120531                                                          000182
1            C0000000000                       122290821                                                    28310512          COMPE                     0000000000120                                                              00000000000000000000000000000000000449000000000000000000000000000                          B3        20120531                                                          000183
1            C0000000000                       122304083                                                    06310512          COMPE                     0000000005390                                                              00000000000000000000000000000000000539000000000000000000000000000                          H5        20120531                                                          000184
1            C0000000000                       122304083                                                    28310512          COMPE                     0000000000120                                                              00000000000000000000000000000000000539000000000000000000000000000                          B3        20120531                                                          000185
1            C0000000000                       122294177                                                    06310512          COMPE                     0000000004490                                                              00000000000000000000000000000000000449000000000000000000000000000                          H5        20120531                                                          000186
1            C0000000000                       122294177                                                    28310512          COMPE                     0000000000120                                                              00000000000000000000000000000000000449000000000000000000000000000                          B3        20120531                                                          000187
1            C0000000000                       122294118                                                    06310512          COMPE                     0000000004490                                                              00000000000000000000000000000000000449000000000000000000000000000                          H5        20120531                                                          000188
1            C0000000000                       122294118                                                    28310512          COMPE                     0000000000120                                                              00000000000000000000000000000000000449000000000000000000000000000                          B3        20120531                                                          000189
1            C0000000000                       122245494                                                    06310512          COMPE                     0000000005792                                                              00000000000000000000000000000000000579200000000000000000000000000                          H5        20120531                                                          000190
1            C0000000000                       122245494                                                    28310512          COMPE                     0000000000120                                                              00000000000000000000000000000000000579200000000000000000000000000                          B3        20120531                                                          000191
9274801306                                                                                                                                                                                                                                                                                                                                                                                                000192
