02RETORNO01COBRANCA       0130608411698000140                               748BANSICREDI     20121001        0000244                                                                                                                                                                                                                                                                                 1.00000001
1            C0000000000                       122449065                                                    06280912          030738                    0000000004490                                                              00000000000000000000000000000000000449000000000000000000000000000                          00        20120928                                                          000002
1            C0000000000                       122449065                                                    28280912          030738                    0000000000120                                                              00000000000000000000000000000000000449000000000000000000000000000                          B3        20120928                                                          000003
1            C0000000000                       122458480                                                    06280912          030702                    0000000003900                                                              00000000000000000000000000000000000390000000000000000000000000000                          00        20120928                                                          000004
1            C0000000000                       122458480                                                    28280912          030702                    0000000000120                                                              00000000000000000000000000000000000390000000000000000000000000000                          B3        20120928                                                          000005
1            C0000000000                       122439361                                                    06280912          030703                    0000000005900                                                              00000000000000000000000000000000000590000000000000000000000000000                          00        20120928                                                          000006
1            C0000000000                       122439361                                                    28280912          030703                    0000000000120                                                              00000000000000000000000000000000000590000000000000000000000000000                          B3        20120928                                                          000007
1            C0000000000                       122456150                                                    06280912          030703                    0000000003900                                                              00000000000000000000000000000000000390000000000000000000000000000                          00        20120928                                                          000008
1            C0000000000                       122456150                                                    28280912          030703                    0000000000120                                                              00000000000000000000000000000000000390000000000000000000000000000                          B3        20120928                                                          000009
1            C0000000000                       122459826                                                    06280912          030706                    0000000004490                                                              00000000000000000000000000000000000449000000000000000000000000000                          00        20120928                                                          000010
1            C0000000000                       122459826                                                    28280912          030706                    0000000000120                                                              00000000000000000000000000000000000449000000000000000000000000000                          B3        20120928                                                          000011
1            C0000000000                       122443407                                                    06280912          030706                    0000000010480                                                              00000000000000000000000000000000001048000000000000000000000000000                          00        20120928                                                          000012
1            C0000000000                       122443407                                                    28280912          030706                    0000000000120                                                              00000000000000000000000000000000001048000000000000000000000000000                          B3        20120928                                                          000013
1            C0000000000                       122414784                                                    06280912          030737                    0000000004490                                                              00000000000000000000000000000000000449000000000000000000000000000                          00        20120928                                                          000014
1            C0000000000                       122414784                                                    28280912          030737                    0000000000120                                                              00000000000000000000000000000000000449000000000000000000000000000                          B3        20120928                                                          000015
1            C0000000000                       122460140                                                    06280912          030728                    0000000005990                                                              00000000000000000000000000000000000599000000000000000000000000000                          00        20120928                                                          000016
1            C0000000000                       122460140                                                    28280912          030728                    0000000000120                                                              00000000000000000000000000000000000599000000000000000000000000000                          B3        20120928                                                          000017
1            C0000000000                       122458536                                                    06280912          030725                    0000000004490                                                              00000000000000000000000000000000000449000000000000000000000000000                          00        20120928                                                          000018
1            C0000000000                       122458536                                                    28280912          030725                    0000000000120                                                              00000000000000000000000000000000000449000000000000000000000000000                          B3        20120928                                                          000019
1            C0000000000                       122417740                                                    06280912          030722                    0000000004490                                                              00000000000000000000000000000000000479600000000002160000000000090                          00        20120928                                                          000020
1            C0000000000                       122417740                                                    28280912          030722                    0000000000120                                                              00000000000000000000000000000000000479600000000002160000000000090                          B3        20120928                                                          000021
1            C0000000000                       122466164                                                    06280912          030703                    0000000004490                                                              00000000000000000000000000000000000449000000000000000000000000000                          00        20120928                                                          000022
1            C0000000000                       122466164                                                    28280912          030703                    0000000000120                                                              00000000000000000000000000000000000449000000000000000000000000000                          B3        20120928                                                          000023
1            C0000000000                       122453232                                                    06280912          030703                    0000000004490                                                              00000000000000000000000000000000000449000000000000000000000000000                          00        20120928                                                          000024
1            C0000000000                       122453232                                                    28280912          030703                    0000000000120                                                              00000000000000000000000000000000000449000000000000000000000000000                          B3        20120928                                                          000025
1            C0000000000                       122415802                                                    06280912          030703                    0000000004490                                                              00000000000000000000000000000000000479600000000002160000000000090                          00        20120928                                                          000026
1            C0000000000                       122415802                                                    28280912          030703                    0000000000120                                                              00000000000000000000000000000000000479600000000002160000000000090                          B3        20120928                                                          000027
1            C0000000000                       122402727                                                    06280912          030729                    0000000004490                                                              00000000000000000000000000000000000479600000000002160000000000090                          00        20120928                                                          000028
1            C0000000000                       122402727                                                    28280912          030729                    0000000000120                                                              00000000000000000000000000000000000479600000000002160000000000090                          B3        20120928                                                          000029
1            C0000000000                       122407877                                                    06280912          030703                    0000000004490                                                              00000000000000000000000000000000000479600000000002160000000000090                          00        20120928                                                          000030
1            C0000000000                       122407877                                                    28280912          030703                    0000000000120                                                              00000000000000000000000000000000000479600000000002160000000000090                          B3        20120928                                                          000031
1            C0000000000                       122413966                                                    06280912          030724                    0000000004040                                                              00000000000000000000000000000000000431900000000001980000000000081                          00        20120928                                                          000032
1            C0000000000                       122413966                                                    28280912          030724                    0000000000120                                                              00000000000000000000000000000000000431900000000001980000000000081                          B3        20120928                                                          000033
1            C0000000000                       122450403                                                    06280912          030728                    0000000004490                                                              00000000000000000000000000000000000449000000000000000000000000000                          00        20120928                                                          000034
1            C0000000000                       122450403                                                    28280912          030728                    0000000000120                                                              00000000000000000000000000000000000449000000000000000000000000000                          B3        20120928                                                          000035
1            C0000000000                       122408709                                                    06280912          030729                    0000000004490                                                              00000000000000000000000000000000000479600000000002160000000000090                          00        20120928                                                          000036
1            C0000000000                       122408709                                                    28280912          030729                    0000000000120                                                              00000000000000000000000000000000000479600000000002160000000000090                          B3        20120928                                                          000037
1            C0000000000                       122391598                                                    06280912          030609                    0000000005390                                                              00000000000000000000000000000000000570000000000002520000000000058                          00        20120928                                                          000038
1            C0000000000                       122391598                                                    28280912          030609                    0000000000120                                                              00000000000000000000000000000000000570000000000002520000000000058                          B3        20120928                                                          000039
1            C0000000000                       122392918                                                    06280912          030707                    0000000004490                                                              00000000000000000000000000000000000479600000000002160000000000090                          00        20120928                                                          000040
1            C0000000000                       122392918                                                    28280912          030707                    0000000000120                                                              00000000000000000000000000000000000479600000000002160000000000090                          B3        20120928                                                          000041
1            C0000000000                       122430747                                                    06280912          030707                    0000000004490                                                              00000000000000000000000000000000000449000000000000000000000000000                          00        20120928                                                          000042
1            C0000000000                       122430747                                                    28280912          030707                    0000000000120                                                              00000000000000000000000000000000000449000000000000000000000000000                          B3        20120928                                                          000043
1            C0000000000                       122428840                                                    06280912          030704                    0000000001883                                                              00000000000000000000000000000000000201100000000000900000000000038                          00        20120928                                                          000044
1            C0000000000                       122428840                                                    28280912          030704                    0000000000120                                                              00000000000000000000000000000000000201100000000000900000000000038                          B3        20120928                                                          000045
1            C0000000000                       122418348                                                    06280912          030706                    0000000005990                                                              00000000000000000000000000000000000639800000000002880000000000120                          00        20120928                                                          000046
1            C0000000000                       122418348                                                    28280912          030706                    0000000000120                                                              00000000000000000000000000000000000639800000000002880000000000120                          B3        20120928                                                          000047
1            C0000000000                       122397049                                                    06280912          030729                    0000000004490                                                              00000000000000000000000000000000000479600000000002160000000000090                          00        20120928                                                          000048
1            C0000000000                       122397049                                                    28280912          030729                    0000000000120                                                              00000000000000000000000000000000000479600000000002160000000000090                          B3        20120928                                                          000049
1            C0000000000                       122436230                                                    06280912          030703                    0000000004490                                                              00000000000000000000000000000000000449000000000000000000000000000                          00        20120928                                                          000050
1            C0000000000                       122436230                                                    28280912          030703                    0000000000120                                                              00000000000000000000000000000000000449000000000000000000000000000                          B3        20120928                                                          000051
1            C0000000000                       122441730                                                    06280912          030707                    0000000004490                                                              00000000000000000000000000000000000449000000000000000000000000000                          00        20120928                                                          000052
1            C0000000000                       122441730                                                    28280912          030707                    0000000000120                                                              00000000000000000000000000000000000449000000000000000000000000000                          B3        20120928                                                          000053
1            C0000000000                       122395887                                                    06280912          030726                    0000000011380                                                              00000000000000000000000000000000001138000000000000000000000000000                          00        20120928                                                          000054
1            C0000000000                       122395887                                                    28280912          030726                    0000000000120                                                              00000000000000000000000000000000001138000000000000000000000000000                          B3        20120928                                                          000055
1            C0000000000                       122464765                                                    06280912          030702                    0000000004040                                                              00000000000000000000000000000000000404000000000000000000000000000                          00        20120928                                                          000056
1            C0000000000                       122464765                                                    28280912          030702                    0000000000120                                                              00000000000000000000000000000000000404000000000000000000000000000                          B3        20120928                                                          000057
1            C0000000000                       122434432                                                    06280912          030727                    0000000007190                                                              00000000000000000000000000000000000719000000000000000000000000000                          00        20120928                                                          000058
1            C0000000000                       122434432                                                    28280912          030727                    0000000000120                                                              00000000000000000000000000000000000719000000000000000000000000000                          B3        20120928                                                          000059
1            C0000000000                       122447186                                                    06280912          030703                    0000000004490                                                              00000000000000000000000000000000000449000000000000000000000000000                          00        20120928                                                          000060
1            C0000000000                       122447186                                                    28280912          030703                    0000000000120                                                              00000000000000000000000000000000000449000000000000000000000000000                          B3        20120928                                                          000061
1            C0000000000                       122460905                                                    06280912          030702                    0000000004040                                                              00000000000000000000000000000000000404000000000000000000000000000                          00        20120928                                                          000062
1            C0000000000                       122460905                                                    28280912          030702                    0000000000120                                                              00000000000000000000000000000000000404000000000000000000000000000                          B3        20120928                                                          000063
1            C0000000000                       122399580                                                    06280912          030706                    0000000004490                                                              00000000000000000000000000000000000479600000000002160000000000090                          00        20120928                                                          000064
1            C0000000000                       122399580                                                    28280912          030706                    0000000000120                                                              00000000000000000000000000000000000479600000000002160000000000090                          B3        20120928                                                          000065
1            C0000000000                       122437245                                                    06280912          030706                    0000000004490                                                              00000000000000000000000000000000000449000000000000000000000000000                          00        20120928                                                          000066
1            C0000000000                       122437245                                                    28280912          030706                    0000000000120                                                              00000000000000000000000000000000000449000000000000000000000000000                          B3        20120928                                                          000067
1            C0000000000                       122464080                                                    06280912          030705                    0000000004490                                                              00000000000000000000000000000000000449000000000000000000000000000                          00        20120928                                                          000068
1            C0000000000                       122464080                                                    28280912          030705                    0000000000120                                                              00000000000000000000000000000000000449000000000000000000000000000                          B3        20120928                                                          000069
1            C0000000000                       122426138                                                    06280912          030707                    0000000004040                                                              00000000000000000000000000000000000431900000000001980000000000081                          00        20120928                                                          000070
1            C0000000000                       122426138                                                    28280912          030707                    0000000000120                                                              00000000000000000000000000000000000431900000000001980000000000081                          B3        20120928                                                          000071
1            C0000000000                       122409411                                                    06280912          030729                    0000000007990                                                              00000000000000000000000000000000000852800000000003780000000000160                          00        20120928                                                          000072
1            C0000000000                       122409411                                                    28280912          030729                    0000000000120                                                              00000000000000000000000000000000000852800000000003780000000000160                          B3        20120928                                                          000073
1            C0000000000                       122416647                                                    06280912          030729                    0000000005990                                                              00000000000000000000000000000000000639800000000002880000000000120                          X0                                                                          000074
1            C0000000000                       122416647                                                    28280912          030729                    0000000000120                                                              00000000000000000000000000000000000639800000000002880000000000120                          B3        20120928                                                          000075
1            C0000000000                       122401470                                                    06280912          030715                    0000000004490                                                              00000000000000000000000000000000000479600000000002160000000000090                          00        20120928                                                          000076
1            C0000000000                       122401470                                                    28280912          030715                    0000000000120                                                              00000000000000000000000000000000000479600000000002160000000000090                          B3        20120928                                                          000077
1            C0000000000                       122355354                                                    06280912          030718                    0000000005140                                                              00000000000000000000000000000000000514000000000000000000000000000                          00        20120928                                                          000078
1            C0000000000                       122355354                                                    28280912          030718                    0000000000120                                                              00000000000000000000000000000000000514000000000000000000000000000                          B3        20120928                                                          000079
1            C0000000000                       122392977                                                    06280912          030718                    0000000004790                                                              00000000000000000000000000000000000479000000000000000000000000000                          00        20120928                                                          000080
1            C0000000000                       122392977                                                    28280912          030718                    0000000000120                                                              00000000000000000000000000000000000479000000000000000000000000000                          B3        20120928                                                          000081
1            C0000000000                       122412170                                                    06280912          030707                    0000000004490                                                              00000000000000000000000000000000000479600000000002160000000000090                          00        20120928                                                          000082
1            C0000000000                       122412170                                                    28280912          030707                    0000000000120                                                              00000000000000000000000000000000000479600000000002160000000000090                          B3        20120928                                                          000083
1            C0000000000                       122433576                                                    06280912          COMPE                     0000000004490                                                              00000000000000000000000000000000000449000000000000000000000000000                          H5        20120928                                                          000084
1            C0000000000                       122433576                                                    28280912          COMPE                     0000000000120                                                              00000000000000000000000000000000000449000000000000000000000000000                          B3        20120928                                                          000085
1            C0000000000                       122464692                                                    06280912          COMPE                     0000000003900                                                              00000000000000000000000000000000000390000000000000000000000000000                          H5        20120928                                                          000086
1            C0000000000                       122464692                                                    28280912          COMPE                     0000000000120                                                              00000000000000000000000000000000000390000000000000000000000000000                          B3        20120928                                                          000087
1            C0000000000                       122448158                                                    06280912          COMPE                     0000000007990                                                              00000000000000000000000000000000000799000000000000000000000000000                          H5        20120928                                                          000088
1            C0000000000                       122448158                                                    28280912          COMPE                     0000000000120                                                              00000000000000000000000000000000000799000000000000000000000000000                          B3        20120928                                                          000089
1            C0000000000                       122450195                                                    06280912          COMPE                     0000000004490                                                              00000000000000000000000000000000000449000000000000000000000000000                          H5        20120928                                                          000090
1            C0000000000                       122450195                                                    28280912          COMPE                     0000000000120                                                              00000000000000000000000000000000000449000000000000000000000000000                          B3        20120928                                                          000091
1            C0000000000                       122456681                                                    06280912          COMPE                     0000000004490                                                              00000000000000000000000000000000000449000000000000000000000000000                          H5        20120928                                                          000092
1            C0000000000                       122456681                                                    28280912          COMPE                     0000000000120                                                              00000000000000000000000000000000000449000000000000000000000000000                          B3        20120928                                                          000093
1            C0000000000                       122430909                                                    06280912          COMPE                     0000000004490                                                              00000000000000000000000000000000000449000000000000000000000000000                          H5        20120928                                                          000094
1            C0000000000                       122430909                                                    28280912          COMPE                     0000000000120                                                              00000000000000000000000000000000000449000000000000000000000000000                          B3        20120928                                                          000095
1            C0000000000                       122460557                                                    06280912          COMPE                     0000000002245                                                              00000000000000000000000000000000000224500000000000000000000000000                          H5        20120928                                                          000096
1            C0000000000                       122460557                                                    28280912          COMPE                     0000000000120                                                              00000000000000000000000000000000000224500000000000000000000000000                          B3        20120928                                                          000097
1            C0000000000                       122436389                                                    06280912          COMPE                     0000000004490                                                              00000000000000000000000000000000000449000000000000000000000000000                          H5        20120928                                                          000098
1            C0000000000                       122436389                                                    28280912          COMPE                     0000000000120                                                              00000000000000000000000000000000000449000000000000000000000000000                          B3        20120928                                                          000099
1            C0000000000                       122432456                                                    06280912          COMPE                     0000000004490                                                              00000000000000000000000000000000000449000000000000000000000000000                          H5        20120928                                                          000100
1            C0000000000                       122432456                                                    28280912          COMPE                     0000000000120                                                              00000000000000000000000000000000000449000000000000000000000000000                          B3        20120928                                                          000101
1            C0000000000                       122440238                                                    06280912          COMPE                     0000000005990                                                              00000000000000000000000000000000000599000000000000000000000000000                          H5        20120928                                                          000102
1            C0000000000                       122440238                                                    28280912          COMPE                     0000000000120                                                              00000000000000000000000000000000000599000000000000000000000000000                          B3        20120928                                                          000103
1            C0000000000                       122442109                                                    06280912          COMPE                     0000000004490                                                              00000000000000000000000000000000000449000000000000000000000000000                          H5        20120928                                                          000104
1            C0000000000                       122442109                                                    28280912          COMPE                     0000000000120                                                              00000000000000000000000000000000000449000000000000000000000000000                          B3        20120928                                                          000105
1            C0000000000                       122439973                                                    06280912          COMPE                     0000000004040                                                              00000000000000000000000000000000000404000000000000000000000000000                          H5        20120928                                                          000106
1            C0000000000                       122439973                                                    28280912          COMPE                     0000000000120                                                              00000000000000000000000000000000000404000000000000000000000000000                          B3        20120928                                                          000107
1            C0000000000                       122432200                                                    06280912          COMPE                     0000000005990                                                              00000000000000000000000000000000000599000000000000000000000000000                          H5        20120928                                                          000108
1            C0000000000                       122432200                                                    28280912          COMPE                     0000000000120                                                              00000000000000000000000000000000000599000000000000000000000000000                          B3        20120928                                                          000109
1            C0000000000                       122445868                                                    06280912          COMPE                     0000000005990                                                              00000000000000000000000000000000000599000000000000000000000000000                          H5        20120928                                                          000110
1            C0000000000                       122445868                                                    28280912          COMPE                     0000000000120                                                              00000000000000000000000000000000000599000000000000000000000000000                          B3        20120928                                                          000111
1            C0000000000                       122416981                                                    06280912          COMPE                     0000000004778                                                              00000000000000000000000000000000000477800000000000000000000000000                          H5        20120928                                                          000112
1            C0000000000                       122416981                                                    28280912          COMPE                     0000000000120                                                              00000000000000000000000000000000000477800000000000000000000000000                          B3        20120928                                                          000113
1            C0000000000                       122453496                                                    06280912          COMPE                     0000000004490                                                              00000000000000000000000000000000000449000000000000000000000000000                          H5        20120928                                                          000114
1            C0000000000                       122453496                                                    28280912          COMPE                     0000000000120                                                              00000000000000000000000000000000000449000000000000000000000000000                          B3        20120928                                                          000115
1            C0000000000                       122447445                                                    06280912          COMPE                     0000000004490                                                              00000000000000000000000000000000000449000000000000000000000000000                          H5        20120928                                                          000116
1            C0000000000                       122447445                                                    28280912          COMPE                     0000000000120                                                              00000000000000000000000000000000000449000000000000000000000000000                          B3        20120928                                                          000117
1            C0000000000                       122434548                                                    06280912          COMPE                     0000000007190                                                              00000000000000000000000000000000000719000000000000000000000000000                          H5        20120928                                                          000118
1            C0000000000                       122434548                                                    28280912          COMPE                     0000000000120                                                              00000000000000000000000000000000000719000000000000000000000000000                          B3        20120928                                                          000119
1            C0000000000                       122453577                                                    06280912          COMPE                     0000000004490                                                              00000000000000000000000000000000000449000000000000000000000000000                          H5        20120928                                                          000120
1            C0000000000                       122453577                                                    28280912          COMPE                     0000000000120                                                              00000000000000000000000000000000000449000000000000000000000000000                          B3        20120928                                                          000121
1            C0000000000                       122437377                                                    06280912          COMPE                     0000000004490                                                              00000000000000000000000000000000000449000000000000000000000000000                          H5        20120928                                                          000122
1            C0000000000                       122437377                                                    28280912          COMPE                     0000000000120                                                              00000000000000000000000000000000000449000000000000000000000000000                          B3        20120928                                                          000123
1            C0000000000                       122403006                                                    06280912          COMPE                     0000000004790                                                              00000000000000000000000000000000000479000000000000000000000000000                          H5        20120928                                                          000124
1            C0000000000                       122403006                                                    28280912          COMPE                     0000000000120                                                              00000000000000000000000000000000000479000000000000000000000000000                          B3        20120928                                                          000125
1            C0000000000                       122457211                                                    06280912          COMPE                     0000000004490                                                              00000000000000000000000000000000000449000000000000000000000000000                          H5        20120928                                                          000126
1            C0000000000                       122457211                                                    28280912          COMPE                     0000000000120                                                              00000000000000000000000000000000000449000000000000000000000000000                          B3        20120928                                                          000127
1            C0000000000                       122437261                                                    06280912          COMPE                     0000000004040                                                              00000000000000000000000000000000000404000000000000000000000000000                          H5        20120928                                                          000128
1            C0000000000                       122437261                                                    28280912          COMPE                     0000000000120                                                              00000000000000000000000000000000000404000000000000000000000000000                          B3        20120928                                                          000129
1            C0000000000                       122460778                                                    06280912          COMPE                     0000000016000                                                              00000000000000000000000000000000001600000000000000000000000000000                          H5        20120928                                                          000130
1            C0000000000                       122460778                                                    28280912          COMPE                     0000000000120                                                              00000000000000000000000000000000001600000000000000000000000000000                          B3        20120928                                                          000131
1            C0000000000                       122461227                                                    06280912          COMPE                     0000000004040                                                              00000000000000000000000000000000000404000000000000000000000000000                          H5        20120928                                                          000132
1            C0000000000                       122461227                                                    28280912          COMPE                     0000000000120                                                              00000000000000000000000000000000000404000000000000000000000000000                          B3        20120928                                                          000133
1            C0000000000                       122453690                                                    06280912          COMPE                     0000000004490                                                              00000000000000000000000000000000000449000000000000000000000000000                          H5        20120928                                                          000134
1            C0000000000                       122453690                                                    28280912          COMPE                     0000000000120                                                              00000000000000000000000000000000000449000000000000000000000000000                          B3        20120928                                                          000135
1            C0000000000                       122450420                                                    06280912          COMPE                     0000000004490                                                              00000000000000000000000000000000000449000000000000000000000000000                          H5        20120928                                                          000136
1            C0000000000                       122450420                                                    28280912          COMPE                     0000000000120                                                              00000000000000000000000000000000000449000000000000000000000000000                          B3        20120928                                                          000137
1            C0000000000                       122451876                                                    06280912          COMPE                     0000000004490                                                              00000000000000000000000000000000000449000000000000000000000000000                          H5        20120928                                                          000138
1            C0000000000                       122451876                                                    28280912          COMPE                     0000000000120                                                              00000000000000000000000000000000000449000000000000000000000000000                          B3        20120928                                                          000139
1            C0000000000                       122438713                                                    06280912          COMPE                     0000000004490                                                              00000000000000000000000000000000000449000000000000000000000000000                          H5        20120928                                                          000140
1            C0000000000                       122438713                                                    28280912          COMPE                     0000000000120                                                              00000000000000000000000000000000000449000000000000000000000000000                          B3        20120928                                                          000141
1            C0000000000                       122451396                                                    06280912          COMPE                     0000000004490                                                              00000000000000000000000000000000000449000000000000000000000000000                          H5        20120928                                                          000142
1            C0000000000                       122451396                                                    28280912          COMPE                     0000000000120                                                              00000000000000000000000000000000000449000000000000000000000000000                          B3        20120928                                                          000143
1            C0000000000                       122435897                                                    06280912          COMPE                     0000000004490                                                              00000000000000000000000000000000000449000000000000000000000000000                          H5        20120928                                                          000144
1            C0000000000                       122435897                                                    28280912          COMPE                     0000000000120                                                              00000000000000000000000000000000000449000000000000000000000000000                          B3        20120928                                                          000145
1            C0000000000                       122447933                                                    06280912          COMPE                     0000000004040                                                              00000000000000000000000000000000000404000000000000000000000000000                          H5        20120928                                                          000146
1            C0000000000                       122447933                                                    28280912          COMPE                     0000000000120                                                              00000000000000000000000000000000000404000000000000000000000000000                          B3        20120928                                                          000147
1            C0000000000                       122431069                                                    06280912          COMPE                     0000000004490                                                              00000000000000000000000000000000000449000000000000000000000000000                          H5        20120928                                                          000148
1            C0000000000                       122431069                                                    28280912          COMPE                     0000000000120                                                              00000000000000000000000000000000000449000000000000000000000000000                          B3        20120928                                                          000149
1            C0000000000                       122451981                                                    06280912          COMPE                     0000000004490                                                              00000000000000000000000000000000000449000000000000000000000000000                          H5        20120928                                                          000150
1            C0000000000                       122451981                                                    28280912          COMPE                     0000000000120                                                              00000000000000000000000000000000000449000000000000000000000000000                          B3        20120928                                                          000151
1            C0000000000                       122451973                                                    06280912          COMPE                     0000000004040                                                              00000000000000000000000000000000000404000000000000000000000000000                          H5        20120928                                                          000152
1            C0000000000                       122451973                                                    28280912          COMPE                     0000000000120                                                              00000000000000000000000000000000000404000000000000000000000000000                          B3        20120928                                                          000153
1            C0000000000                       122463599                                                    06280912          COMPE                     0000000004490                                                              00000000000000000000000000000000000449000000000000000000000000000                          H5        20120928                                                          000154
1            C0000000000                       122463599                                                    28280912          COMPE                     0000000000120                                                              00000000000000000000000000000000000449000000000000000000000000000                          B3        20120928                                                          000155
1            C0000000000                       122452325                                                    06280912          COMPE                     0000000004040                                                              00000000000000000000000000000000000404000000000000000000000000000                          H5        20120928                                                          000156
1            C0000000000                       122452325                                                    28280912          COMPE                     0000000000120                                                              00000000000000000000000000000000000404000000000000000000000000000                          B3        20120928                                                          000157
1            C0000000000                       122430887                                                    06280912          COMPE                     0000000004490                                                              00000000000000000000000000000000000449000000000000000000000000000                          H5        20120928                                                          000158
1            C0000000000                       122430887                                                    28280912          COMPE                     0000000000120                                                              00000000000000000000000000000000000449000000000000000000000000000                          B3        20120928                                                          000159
1            C0000000000                       122434025                                                    06280912          COMPE                     0000000002245                                                              00000000000000000000000000000000000224500000000000000000000000000                          H5        20120928                                                          000160
1            C0000000000                       122434025                                                    28280912          COMPE                     0000000000120                                                              00000000000000000000000000000000000224500000000000000000000000000                          B3        20120928                                                          000161
1            C0000000000                       122445620                                                    06280912          COMPE                     0000000004490                                                              00000000000000000000000000000000000449000000000000000000000000000                          H5        20120928                                                          000162
1            C0000000000                       122445620                                                    28280912          COMPE                     0000000000120                                                              00000000000000000000000000000000000449000000000000000000000000000                          B3        20120928                                                          000163
1            C0000000000                       122448328                                                    06280912          COMPE                     0000000003900                                                              00000000000000000000000000000000000390000000000000000000000000000                          H5        20120928                                                          000164
1            C0000000000                       122448328                                                    28280912          COMPE                     0000000000120                                                              00000000000000000000000000000000000390000000000000000000000000000                          B3        20120928                                                          000165
1            C0000000000                       122458404                                                    06280912          COMPE                     0000000003900                                                              00000000000000000000000000000000000390000000000000000000000000000                          H5        20120928                                                          000166
1            C0000000000                       122458404                                                    28280912          COMPE                     0000000000120                                                              00000000000000000000000000000000000390000000000000000000000000000                          B3        20120928                                                          000167
1            C0000000000                       122437660                                                    06280912          COMPE                     0000000004490                                                              00000000000000000000000000000000000449000000000000000000000000000                          H5        20120928                                                          000168
1            C0000000000                       122437660                                                    28280912          COMPE                     0000000000120                                                              00000000000000000000000000000000000449000000000000000000000000000                          B3        20120928                                                          000169
1            C0000000000                       122462053                                                    06280912          COMPE                     0000000004490                                                              00000000000000000000000000000000000449000000000000000000000000000                          H5        20120928                                                          000170
1            C0000000000                       122462053                                                    28280912          COMPE                     0000000000120                                                              00000000000000000000000000000000000449000000000000000000000000000                          B3        20120928                                                          000171
1            C0000000000                       122456398                                                    06280912          COMPE                     0000000004040                                                              00000000000000000000000000000000000404000000000000000000000000000                          H5        20120928                                                          000172
1            C0000000000                       122456398                                                    28280912          COMPE                     0000000000120                                                              00000000000000000000000000000000000404000000000000000000000000000                          B3        20120928                                                          000173
1            C0000000000                       122454026                                                    06280912          COMPE                     0000000004490                                                              00000000000000000000000000000000000449000000000000000000000000000                          H5        20120928                                                          000174
1            C0000000000                       122454026                                                    28280912          COMPE                     0000000000120                                                              00000000000000000000000000000000000449000000000000000000000000000                          B3        20120928                                                          000175
1            C0000000000                       122435838                                                    06280912          COMPE                     0000000004040                                                              00000000000000000000000000000000000404000000000000000000000000000                          H5        20120928                                                          000176
1            C0000000000                       122435838                                                    28280912          COMPE                     0000000000120                                                              00000000000000000000000000000000000404000000000000000000000000000                          B3        20120928                                                          000177
1            C0000000000                       122451213                                                    06280912          COMPE                     0000000004490                                                              00000000000000000000000000000000000449000000000000000000000000000                          H5        20120928                                                          000178
1            C0000000000                       122451213                                                    28280912          COMPE                     0000000000120                                                              00000000000000000000000000000000000449000000000000000000000000000                          B3        20120928                                                          000179
1            C0000000000                       122447771                                                    06280912          COMPE                     0000000004490                                                              00000000000000000000000000000000000449000000000000000000000000000                          H5        20120928                                                          000180
1            C0000000000                       122447771                                                    28280912          COMPE                     0000000000120                                                              00000000000000000000000000000000000449000000000000000000000000000                          B3        20120928                                                          000181
1            C0000000000                       122456738                                                    06280912          COMPE                     0000000004490                                                              00000000000000000000000000000000000449000000000000000000000000000                          H5        20120928                                                          000182
1            C0000000000                       122456738                                                    28280912          COMPE                     0000000000120                                                              00000000000000000000000000000000000449000000000000000000000000000                          B3        20120928                                                          000183
1            C0000000000                       122442338                                                    06280912          COMPE                     0000000004490                                                              00000000000000000000000000000000000449000000000000000000000000000                          H5        20120928                                                          000184
1            C0000000000                       122442338                                                    28280912          COMPE                     0000000000120                                                              00000000000000000000000000000000000449000000000000000000000000000                          B3        20120928                                                          000185
1            C0000000000                       122451442                                                    06280912          COMPE                     0000000004490                                                              00000000000000000000000000000000000449000000000000000000000000000                          H5        20120928                                                          000186
1            C0000000000                       122451442                                                    28280912          COMPE                     0000000000120                                                              00000000000000000000000000000000000449000000000000000000000000000                          B3        20120928                                                          000187
1            C0000000000                       122434521                                                    06280912          COMPE                     0000000004490                                                              00000000000000000000000000000000000449000000000000000000000000000                          H5        20120928                                                          000188
1            C0000000000                       122434521                                                    28280912          COMPE                     0000000000120                                                              00000000000000000000000000000000000449000000000000000000000000000                          B3        20120928                                                          000189
1            C0000000000                       122454760                                                    06280912          COMPE                     0000000004490                                                              00000000000000000000000000000000000449000000000000000000000000000                          H5        20120928                                                          000190
1            C0000000000                       122454760                                                    28280912          COMPE                     0000000000120                                                              00000000000000000000000000000000000449000000000000000000000000000                          B3        20120928                                                          000191
1            C0000000000                       122452376                                                    06280912          COMPE                     0000000004490                                                              00000000000000000000000000000000000449000000000000000000000000000                          H5        20120928                                                          000192
1            C0000000000                       122452376                                                    28280912          COMPE                     0000000000120                                                              00000000000000000000000000000000000449000000000000000000000000000                          B3        20120928                                                          000193
1            C0000000000                       122461375                                                    06280912          COMPE                     0000000004490                                                              00000000000000000000000000000000000449000000000000000000000000000                          H5        20120928                                                          000194
1            C0000000000                       122461375                                                    28280912          COMPE                     0000000000120                                                              00000000000000000000000000000000000449000000000000000000000000000                          B3        20120928                                                          000195
1            C0000000000                       122447909                                                    06280912          COMPE                     0000000005990                                                              00000000000000000000000000000000000599000000000000000000000000000                          H5        20120928                                                          000196
1            C0000000000                       122447909                                                    28280912          COMPE                     0000000000120                                                              00000000000000000000000000000000000599000000000000000000000000000                          B3        20120928                                                          000197
1            C0000000000                       122465753                                                    06280912          COMPE                     0000000007101                                                              00000000000000000000000000000000000710100000000000000000000000000                          H5        20120928                                                          000198
1            C0000000000                       122465753                                                    28280912          COMPE                     0000000000120                                                              00000000000000000000000000000000000710100000000000000000000000000                          B3        20120928                                                          000199
1            C0000000000                       122441560                                                    06280912          COMPE                     0000000007990                                                              00000000000000000000000000000000000799000000000000000000000000000                          H5        20120928                                                          000200
1            C0000000000                       122441560                                                    28280912          COMPE                     0000000000120                                                              00000000000000000000000000000000000799000000000000000000000000000                          B3        20120928                                                          000201
1            C0000000000                       122459176                                                    06280912          COMPE                     0000000007990                                                              00000000000000000000000000000000000799000000000000000000000000000                          H5        20120928                                                          000202
1            C0000000000                       122459176                                                    28280912          COMPE                     0000000000120                                                              00000000000000000000000000000000000799000000000000000000000000000                          B3        20120928                                                          000203
1            C0000000000                       122461111                                                    06280912          COMPE                     0000000008900                                                              00000000000000000000000000000000000890000000000000000000000000000                          H5        20120928                                                          000204
1            C0000000000                       122461111                                                    28280912          COMPE                     0000000000120                                                              00000000000000000000000000000000000890000000000000000000000000000                          B3        20120928                                                          000205
1            C0000000000                       122454913                                                    06280912          COMPE                     0000000008900                                                              00000000000000000000000000000000000890000000000000000000000000000                          H5        20120928                                                          000206
1            C0000000000                       122454913                                                    28280912          COMPE                     0000000000120                                                              00000000000000000000000000000000000890000000000000000000000000000                          B3        20120928                                                          000207
1            C0000000000                       122454905                                                    06280912          COMPE                     0000000008900                                                              00000000000000000000000000000000000890000000000000000000000000000                          H5        20120928                                                          000208
1            C0000000000                       122454905                                                    28280912          COMPE                     0000000000120                                                              00000000000000000000000000000000000890000000000000000000000000000                          B3        20120928                                                          000209
1            C0000000000                       122434637                                                    06280912          COMPE                     0000000004490                                                              00000000000000000000000000000000000449000000000000000000000000000                          H5        20120928                                                          000210
1            C0000000000                       122434637                                                    28280912          COMPE                     0000000000120                                                              00000000000000000000000000000000000449000000000000000000000000000                          B3        20120928                                                          000211
1            C0000000000                       122447011                                                    06280912          COMPE                     0000000005990                                                              00000000000000000000000000000000000599000000000000000000000000000                          H5        20120928                                                          000212
1            C0000000000                       122447011                                                    28280912          COMPE                     0000000000120                                                              00000000000000000000000000000000000599000000000000000000000000000                          B3        20120928                                                          000213
9274801306                                                                                                                                                                                                                                                                                                                                                                                                000214
