02RETORNO01COBRANCA       0130608411698000140                               748BANSICREDI     20120927        0000242                                                                                                                                                                                                                                                                                 1.00000001
1            C0000000000                       122431174                                                    06260912          030719                    0000000007990                                                              00000000000000000000000000000000000799000000000000000000000000000                          00        20120926                                                          000002
1            C0000000000                       122431174                                                    28260912          030719                    0000000000120                                                              00000000000000000000000000000000000799000000000000000000000000000                          B3        20120926                                                          000003
1            C0000000000                       122413435                                                    06260912          030715                    0000000008482                                                              00000000000000000000000000000000000848200000000000000000000000000                          00        20120926                                                          000004
1            C0000000000                       122413435                                                    28260912          030715                    0000000000120                                                              00000000000000000000000000000000000848200000000000000000000000000                          B3        20120926                                                          000005
1            C0000000000                       122348102                                                    06260912          030702                    0000000005467                                                              00000000000000000000000000000000000546700000000000000000000000000                          00        20120926                                                          000006
1            C0000000000                       122348102                                                    28260912          030702                    0000000000120                                                              00000000000000000000000000000000000546700000000000000000000000000                          B3        20120926                                                          000007
1            C0000000000                       122385555                                                    06260912          030702                    0000000005105                                                              00000000000000000000000000000000000510500000000000000000000000000                          00        20120926                                                          000008
1            C0000000000                       122385555                                                    28260912          030702                    0000000000120                                                              00000000000000000000000000000000000510500000000000000000000000000                          B3        20120926                                                          000009
1            C0000000000                       122463840                                                    06260912          030705                    0000000004490                                                              00000000000000000000000000000000000449000000000000000000000000000                          00        20120926                                                          000010
1            C0000000000                       122463840                                                    28260912          030705                    0000000000120                                                              00000000000000000000000000000000000449000000000000000000000000000                          B3        20120926                                                          000011
1            C0000000000                       122463149                                                    06260912          030717                    0000000004490                                                              00000000000000000000000000000000000449000000000000000000000000000                          00        20120926                                                          000012
1            C0000000000                       122463149                                                    28260912          030717                    0000000000120                                                              00000000000000000000000000000000000449000000000000000000000000000                          B3        20120926                                                          000013
1            C0000000000                       122403286                                                    06260912          030707                    0000000004040                                                              00000000000000000000000000000000000429700000000001760000000000081                          00        20120926                                                          000014
1            C0000000000                       122403286                                                    28260912          030707                    0000000000120                                                              00000000000000000000000000000000000429700000000001760000000000081                          B3        20120926                                                          000015
1            C0000000000                       122430429                                                    06260912          030720                    0000000007990                                                              00000000000000000000000000000000000799000000000000000000000000000                          00        20120926                                                          000016
1            C0000000000                       122430429                                                    28260912          030720                    0000000000120                                                              00000000000000000000000000000000000799000000000000000000000000000                          B3        20120926                                                          000017
1            C0000000000                       122412951                                                    06260912          030737                    0000000004490                                                              00000000000000000000000000000000000449000000000000000000000000000                          00        20120926                                                          000018
1            C0000000000                       122412951                                                    28260912          030737                    0000000000120                                                              00000000000000000000000000000000000449000000000000000000000000000                          B3        20120926                                                          000019
1            C0000000000                       122438624                                                    06260912          030728                    0000000004040                                                              00000000000000000000000000000000000404000000000000000000000000000                          00        20120926                                                          000020
1            C0000000000                       122438624                                                    28260912          030728                    0000000000120                                                              00000000000000000000000000000000000404000000000000000000000000000                          B3        20120926                                                          000021
1            C0000000000                       122400910                                                    06260912          030728                    0000000004279                                                              00000000000000000000000000000000000437100000000000110000000000081                          00        20120926                                                          000022
1            C0000000000                       122400910                                                    28260912          030728                    0000000000120                                                              00000000000000000000000000000000000437100000000000110000000000081                          B3        20120926                                                          000023
1            C0000000000                       122422116                                                    06260912          030702                    0000000004900                                                              00000000000000000000000000000000000520600000000002080000000000098                          00        20120926                                                          000024
1            C0000000000                       122422116                                                    28260912          030702                    0000000000120                                                              00000000000000000000000000000000000520600000000002080000000000098                          B3        20120926                                                          000025
1            C0000000000                       122400708                                                    06260912          030727                    0000000004490                                                              00000000000000000000000000000000000477200000000001920000000000090                          00        20120926                                                          000026
1            C0000000000                       122400708                                                    28260912          030727                    0000000000120                                                              00000000000000000000000000000000000477200000000001920000000000090                          B3        20120926                                                          000027
1            C0000000000                       122424810                                                    06260912          030737                    0000000004490                                                              00000000000000000000000000000000000477200000000001920000000000090                          00        20120926                                                          000028
1            C0000000000                       122424810                                                    28260912          030737                    0000000000120                                                              00000000000000000000000000000000000477200000000001920000000000090                          B3        20120926                                                          000029
1            C0000000000                       122421519                                                    06260912          030729                    0000000005990                                                              00000000000000000000000000000000000636600000000002560000000000120                          00        20120926                                                          000030
1            C0000000000                       122421519                                                    28260912          030729                    0000000000120                                                              00000000000000000000000000000000000636600000000002560000000000120                          B3        20120926                                                          000031
1            C0000000000                       122373239                                                    06260912          030737                    0000000005990                                                              00000000000000000000000000000000000686200000000007520000000000120                          00        20120926                                                          000032
1            C0000000000                       122373239                                                    28260912          030737                    0000000000120                                                              00000000000000000000000000000000000686200000000007520000000000120                          B3        20120926                                                          000033
1            C0000000000                       122410495                                                    06260912          030737                    0000000005990                                                              00000000000000000000000000000000000636600000000002560000000000120                          00        20120926                                                          000034
1            C0000000000                       122410495                                                    28260912          030737                    0000000000120                                                              00000000000000000000000000000000000636600000000002560000000000120                          B3        20120926                                                          000035
1            C0000000000                       122415357                                                    06260912          030706                    0000000002898                                                              00000000000000000000000000000000000308400000000001280000000000058                          00        20120926                                                          000036
1            C0000000000                       122415357                                                    28260912          030706                    0000000000120                                                              00000000000000000000000000000000000308400000000001280000000000058                          B3        20120926                                                          000037
1            C0000000000                       122417503                                                    06260912          030706                    0000000003900                                                              00000000000000000000000000000000000413800000000001600000000000078                          00        20120926                                                          000038
1            C0000000000                       122417503                                                    28260912          030706                    0000000000120                                                              00000000000000000000000000000000000413800000000001600000000000078                          B3        20120926                                                          000039
1            C0000000000                       122439272                                                    06260912          COMPE                     0000000004490                                                              00000000000000000000000000000000000449000000000000000000000000000                          H5        20120926                                                          000040
1            C0000000000                       122439272                                                    28260912          COMPE                     0000000000120                                                              00000000000000000000000000000000000449000000000000000000000000000                          B3        20120926                                                          000041
1            C0000000000                       122451698                                                    06260912          COMPE                     0000000004490                                                              00000000000000000000000000000000000449000000000000000000000000000                          H5        20120926                                                          000042
1            C0000000000                       122451698                                                    28260912          COMPE                     0000000000120                                                              00000000000000000000000000000000000449000000000000000000000000000                          B3        20120926                                                          000043
1            C0000000000                       122428009                                                    06260912          COMPE                     0000000009448                                                              00000000000000000000000000000000000944800000000000000000000000000                          H5        20120926                                                          000044
1            C0000000000                       122428009                                                    28260912          COMPE                     0000000000120                                                              00000000000000000000000000000000000944800000000000000000000000000                          B3        20120926                                                          000045
1            C0000000000                       122437547                                                    06260912          COMPE                     0000000005990                                                              00000000000000000000000000000000000599000000000000000000000000000                          H5        20120926                                                          000046
1            C0000000000                       122437547                                                    28260912          COMPE                     0000000000120                                                              00000000000000000000000000000000000599000000000000000000000000000                          B3        20120926                                                          000047
1            C0000000000                       122460263                                                    06260912          COMPE                     0000000003900                                                              00000000000000000000000000000000000390000000000000000000000000000                          H5        20120926                                                          000048
1            C0000000000                       122460263                                                    28260912          COMPE                     0000000000120                                                              00000000000000000000000000000000000390000000000000000000000000000                          B3        20120926                                                          000049
1            C0000000000                       122460530                                                    06260912          COMPE                     0000000003900                                                              00000000000000000000000000000000000390000000000000000000000000000                          H5        20120926                                                          000050
1            C0000000000                       122460530                                                    28260912          COMPE                     0000000000120                                                              00000000000000000000000000000000000390000000000000000000000000000                          B3        20120926                                                          000051
1            C0000000000                       122457262                                                    06260912          COMPE                     0000000005990                                                              00000000000000000000000000000000000599000000000000000000000000000                          H5        20120926                                                          000052
1            C0000000000                       122457262                                                    28260912          COMPE                     0000000000120                                                              00000000000000000000000000000000000599000000000000000000000000000                          B3        20120926                                                          000053
1            C0000000000                       122448700                                                    06260912          COMPE                     0000000004490                                                              00000000000000000000000000000000000449000000000000000000000000000                          H5        20120926                                                          000054
1            C0000000000                       122448700                                                    28260912          COMPE                     0000000000120                                                              00000000000000000000000000000000000449000000000000000000000000000                          B3        20120926                                                          000055
1            C0000000000                       122442699                                                    06260912          COMPE                     0000000004490                                                              00000000000000000000000000000000000449000000000000000000000000000                          H5        20120926                                                          000056
1            C0000000000                       122442699                                                    28260912          COMPE                     0000000000120                                                              00000000000000000000000000000000000449000000000000000000000000000                          B3        20120926                                                          000057
9274801306                                                                                                                                                                                                                                                                                                                                                                                                000058
