01REMESSA01COBRANCA       00000000000000000000CONECTLAN SOLUCOES TECNOLOGICA237BRADESCO       110512        MX0000025                                                                                                                                                                                                                                                                                     000001
100000 00000000000000009001351263456100000000000000000000014580002000000000000034800000000002            0  31000000003411071200000000050000000000000N110512000000000000000000000000000000000000000000000000000000000000000100058685995191JOSE WILTON RODRIGUES LEAO              AV RIO GRANDE DO SUL, 2517 - ESQ. COM A             77403070                                                            000002
9                                                                                                                                                                                                                                                                                                                                                                                                         000003
