A127168               PROSERVER TELECOMUNI001BANCO DO BRASIL S.A.2012062000001404DEBITO AUTOMATICO                                                    
E00100000000004000000000091377000000000084952012042500000000000030003000000000000027                                            X                    0
Z00000300000000000000300                                                                                                                              
