A1351                 CONECTLAN - SOLUCOES748SICREDI             2012041200000205DEBITO AUTOMATICO                                                    
E0010000000000500000000005325 14512         2012042600000000000260003000000000000005                                             1044518371000135    0
E0010000000000500000000005325 14512         2012052600000000000260003000000000000006                                             1044518371000135    0
Z00000400000000000005200                                                                                                                              
