01REMESSA01COBRANCA       0130608411698000140                               748SICREDI        20120618        0000139                                                                                                                                                                                                                                                                                 2.00000001
1AAA            AAA                            122074789      20120618 N B0000    00000000000200            0101220747891807120000000002500         JN180612000000000000000070000000000000000000000000000000000000000000002008411698000140PROSERVER TELECOMUNICACOES LTDA         RUA TENENTE JUNG, N534SALA 02, SANTO CRI00000000000 9896000000000                                                       000002
2           122074789COBRAR MULTA DE $VALORMULTA APOS O VENCIMENTO                                   COBRAR JUROS DE $VALORJUROSDIARIOS AO DIA APOS O VENCIMENTO                     SUJEITO A SUSPENSAO DO SERVICO APOS 30 DIAS DE VENCIDO                          A CENTRAL DE ATENDIMENTO ASSISNET ESTA COM NOVO NUMERO [55] 3541 0700.          0122074789                                           000003
5E013060122074789 A01COBRAR MULTA DE $VALORMULTA APOS O VENCIMENTO                                   02COBRAR JUROS DE $VALORJUROSDIARIOS AO DIA APOS O VENCIMENTO                     03SUJEITO A SUSPENSAO DO SERVICO APOS 30 DIAS DE VENCIDO                          04A CENTRAL DE ATENDIMENTO ASSISNET ESTA COM NOVO NUMERO [55] 3541 0700.                                                         000004
1AAA            AAA                            122074797      20120618 N B0000    00000000000200            0101220747971808120000000002500         JN180612000000000000000070000000000000000000000000000000000000000000002008411698000140PROSERVER TELECOMUNICACOES LTDA         RUA TENENTE JUNG, N534SALA 02, SANTO CRI00000000000 9896000000000                                                       000005
2           122074797COBRAR MULTA DE $VALORMULTA APOS O VENCIMENTO                                   COBRAR JUROS DE $VALORJUROSDIARIOS AO DIA APOS O VENCIMENTO                     SUJEITO A SUSPENSAO DO SERVICO APOS 30 DIAS DE VENCIDO                          A CENTRAL DE ATENDIMENTO ASSISNET ESTA COM NOVO NUMERO [55] 3541 0700.          0122074797                                           000006
5E013060122074797 A01COBRAR MULTA DE $VALORMULTA APOS O VENCIMENTO                                   02COBRAR JUROS DE $VALORJUROSDIARIOS AO DIA APOS O VENCIMENTO                     03SUJEITO A SUSPENSAO DO SERVICO APOS 30 DIAS DE VENCIDO                          04A CENTRAL DE ATENDIMENTO ASSISNET ESTA COM NOVO NUMERO [55] 3541 0700.                                                         000007
9174801306                                                                                                                                                                                                                                                                                                                                                                                                000008
