01REMESSA01COBRANCA       5612306134596000107                               748SICREDI        20120512        0000002                                                                                                                                                                                                                                                                                 2.00000001
1AAA            AAA                            120000138      20120512 N B0000    00000000000000            0101200001381207120000000001000         JN120512000000000000000000000000000000000000000000000000000000000000002006134596000107CONECTLAN SOLUCOES TECNOLOGICAS LTDA ME AV MATO GROSSO, N1842TERREO, GURUPI - TO00000000000 7740302000000                                                       000002
2           120000138                                                                                                                                                                                                                                                                                                                                0120000138                                           000003
5E561230120000138 A01                                                                                02                                                                                03                                                                                04                                                                                                                               000004
1AAA            AAA                            120000146      20120512 N B0000    00000000000000            0101200001461207120000000001000         JN120512000000000000000000000000000000000000000000000000000000000000002006134596000107CONECTLAN SOLUCOES TECNOLOGICAS LTDA ME AV MATO GROSSO, N1842TERREO, GURUPI - TO00000000000 7740302000000                                                       000005
2           120000146                                                                                                                                                                                                                                                                                                                                0120000146                                           000006
5E561230120000146 A01                                                                                02                                                                                03                                                                                04                                                                                                                               000007
1AAA            AAA                            120000154      20120512 N B0000    00000000000000            0101200001541208120000000001000         JN120512000000000000000000000000000000000000000000000000000000000000002006134596000107CONECTLAN SOLUCOES TECNOLOGICAS LTDA ME AV MATO GROSSO, N1842TERREO, GURUPI - TO00000000000 7740302000000                                                       000008
2           120000154                                                                                                                                                                                                                                                                                                                                0120000154                                           000009
5E561230120000154 A01                                                                                02                                                                                03                                                                                04                                                                                                                               000010
9174856123                                                                                                                                                                                                                                                                                                                                                                                                000011
