01REMESSA01COBRANCA       00000000000004155748CONECTLAN SOLUCOES TECNOLOGICA237BRADESCO       050412        MX0000270                                                                                                                                                                                                                                                                                     000001
100000 00000000000000009003160128681100000000000000000000000050002000000000000000000000000001            0  01021209010805051200000000005000000000001N050412000000000000000000000000000000000000000000000000000000000000000244518371000135PREFEITURA MUNICIPAL DE GRACA           PCA HILMAR M. DE OLIVEIRA, 102 - CENTROG            17400000                                                            000002
100000 00000000000000009003160128681100000000000000000000000050002000000000000000000000000001            0  01021209010905061200000000005000000000001N050412000000000000000000000000000000000000000000000000000000000000000244518371000135PREFEITURA MUNICIPAL DE GRACA           PCA HILMAR M. DE OLIVEIRA, 102 - CENTROG            17400000                                                            000003
9                                                                                                                                                                                                                                                                                                                                                                                                         000004
