A158816               CONECTLAN - SOLUCOES001BANCO DO BRASIL S.A.2012040200001304DEBITO AUTOMATICO                                                    
E00100000000879000000000021222000000000121212012050200000000000250003000000000000009                                            X                    0
E00100000000879000000000021222000000000121212012060200000000000250003000000000000010                                            X                    0
Z00000400000000000005000                                                                                                                              
