01REMESSA01COBRANCA       00000000000000000000CONECTLAN SOLUCOES TECNOLOGICA237BRADESCO       100512        MX0000015                                                                                                                                                                                                                                                                                     000001
100000 00000000000000009001351263456100000000000000000000000010002000000000000009700000000002            0  02000000000931051200000000020000000000000N260312000000000000000000000000000000000000000000000000000000000000000206134596000107CONECTLAN SOLUCOES TECNOLOGICAS LTDA ME AV MATO GROSSO, 1842 - TERREO - SETOR CE            77403020                                                            000002
9                                                                                                                                                                                                                                                                                                                                                                                                         000003
