01REMESSA01COBRANCA       0000006134596000107                               748SICREDI        20120512        0000001                                                                                                                                                                                                                                                                                 2.00000001
1A A            AAA                            012000078      20120512 N  0000    00000000000000            0100120000781206120000000001000         J 120512000000000000000000000000000000000000000000000000000000000000002006134596000107CONECTLAN SOLUCOES TECNOLOGICAS LTDA ME AV MATO GROSSO, N1842TERREO, GURUPI - TO00000000000 7740302000000                                                       000002
2           012000078                                                                                                                                                                                                                                                                                                                                0012000078                                           000003
5E000000012000078 A01                                                                                02                                                                                03                                                                                04                                                                                                                               000004
1A A            AAA                            012000086      20120512 N  0000    00000000000000            0100120000861207120000000001000         J 120512000000000000000000000000000000000000000000000000000000000000002006134596000107CONECTLAN SOLUCOES TECNOLOGICAS LTDA ME AV MATO GROSSO, N1842TERREO, GURUPI - TO00000000000 7740302000000                                                       000005
2           012000086                                                                                                                                                                                                                                                                                                                                0012000086                                           000006
5E000000012000086 A01                                                                                02                                                                                03                                                                                04                                                                                                                               000007
1A A            AAA                            012000094      20120512 N  0000    00000000000000            0100120000941208120000000001000         J 120512000000000000000000000000000000000000000000000000000000000000002006134596000107CONECTLAN SOLUCOES TECNOLOGICAS LTDA ME AV MATO GROSSO, N1842TERREO, GURUPI - TO00000000000 7740302000000                                                       000008
2           012000094                                                                                                                                                                                                                                                                                                                                0012000094                                           000009
5E000000012000094 A01                                                                                02                                                                                03                                                                                04                                                                                                                               000010
1A A            AAA                            012000108      20120512 N  0000    00000000000000            0100120001081209120000000001000         J 120512000000000000000000000000000000000000000000000000000000000000002006134596000107CONECTLAN SOLUCOES TECNOLOGICAS LTDA ME AV MATO GROSSO, N1842TERREO, GURUPI - TO00000000000 7740302000000                                                       000011
2           012000108                                                                                                                                                                                                                                                                                                                                0012000108                                           000012
5E000000012000108 A01                                                                                02                                                                                03                                                                                04                                                                                                                               000013
9174800000                                                                                                                                                                                                                                                                                                                                                                                                000014
