01REMESSA01COBRAN«A       44470000027839      CNTSISTEMAS LTDA ME           756BANCOOBCED     1902130000004                                                                                                                                                                                                                                                                                               000001
1020841169800014044470000200328000000                         0000000000270100   A   0000000000000000     01022         231112000000000500075644470010231012010100990002200010000000000000000000900000000000000000000000000208411698000140CNTSISTEMAS LTDA ME                     RUA TENENTE JUNG, N534SALA 02        CENTRO         98960000SANTO CRISTO   RSCNTSISTEMAS LTDA ME 08.411.698/0001-40  15 000002
1020841169800014044470000200328000000                         0000000000410100   A   0000000000000000     01024         230113000000000500075644470010231012010100990002200010000000000000000000900000000000000000000000000208411698000140CNTSISTEMAS LTDA ME                     RUA TENENTE JUNG, N534SALA 02        CENTRO         98960000SANTO CRISTO   RSCNTSISTEMAS LTDA ME 08.411.698/0001-40  15 000003
1020841169800014044470000200328000000                         0000000000590100   A   0000000000000000     01025         230213000000000500075644470010231012010100990002200010000000000000000000900000000000000000000000000208411698000140CNTSISTEMAS LTDA ME                     RUA TENENTE JUNG, N534SALA 02        CENTRO         98960000SANTO CRISTO   RSCNTSISTEMAS LTDA ME 08.411.698/0001-40  15 000004
1020841169800014044470000200328000000                         0000000000980100   A   0000000000000000     01029         171212000000001413275644470010211112010100990002200010000000000000000000900000000000000000000000000100064759989072JACI MONBACH                            RUA JOAO MAGALHAES, N336             CENTRO         98970000C‚NDIDO GODÛI  RSJACI MONBACH 647.599.890-72             15 000005
1020841169800014044470000200328000000                         0000000001380100   A   0000000000000000     010113        190313000000005000075644470010190213010100990002200010000000000000000000900000000000000000000000000100002639287133NATANAEL DE ASSIS SILVA                 RUA 39, N0PROXIMO X                  PARQUE RESIDENC77415190GURUPI         TONATANAEL DE ASSIS SILVA 026.392.871-33  15 000006
9                                                                                                                                                                                                 PAGAR ATE O VENCIMENTO.                 PAGAR ATE O VENCIMENTO 2.               PAGAR ATE O VENCIMENTO 3.               PAGAR ATE O VENCIMENTO 4.               PAGAR ATE O VENCIMENTO 5.               000007
