01REMESSA01COBRANCA       00000000000000000000PROSERVER TELECOMUNICACOES LTD237BRADESCO       020612        MX0000006                                                                                                                                                                                                                                                                                     000001
100000 00000000000000009011111054415300000000000000000000059270002020000000000003800000000002            0  01000000000310071200000000058370000000000N310512000000000000000190000000000000000000000000000000000000000000000201877065000344FETISOLO COMERCIAL E REPRESENTACAO DE INRUA HENRIQUE OSWALDO TUKALL, 77 - CENTRO            98895000COBRAR MULTA DE $VALORMULTA APOS O VENCIMENTO               000002
100000 00000000000000009011111054415300000000000000000000000010002020000000000005400000000002            0  01000000000502071200000000050000000000000N020612000000000000000170000000000000000000000000000000000000000000000208411698000140PROSERVER TELECOMUNICACOES LTDA         RUA TENENTE JUNG, 534 - SALA 02 - CENTRO            98960000COBRAR MULTA DE $VALORMULTA APOS O VENCIMENTO               000003
9                                                                                                                                                                                                                                                                                                                                                                                                         000004
