A127168               PROSERVER TELECOMUNI001BANCO DO BRASIL S.A.2012061800000604DEBITO AUTOMATICO                                                    
E00100000005931000000000110214000000000255012012072000000000000790003000000000000035                                            X                    0
Z00000300000000000007900                                                                                                                              
