01REMESSA01COBRANCA       00000000000004155748CONECTLAN SOLUCOES TECNOLOGICA237BRADESCO       040512        MX0000271                                                                                                                                                                                                                                                                                     000001
100000 00000000000000009003160128681100000000000000000000000050002000000000000000000000000001            0  09021209010605051200000000004000000000001N050412000000000000000000000000000000000000000000000000000000000000000244518371000135PREFEITURA MUNICIPAL DE GRACA           PCA HILMAR M. DE OLIVEIRA, 102 - CENTROG            17400000                                                            000002
100000 00000000000000009003160128681100000000000000000000000050002000000000000000000000000001            0  09021209010805051200000000005000000000001N050412000000000000000000000000000000000000000000000000000000000000000244518371000135PREFEITURA MUNICIPAL DE GRACA           PCA HILMAR M. DE OLIVEIRA, 102 - CENTROG            17400000                                                            000003
9                                                                                                                                                                                                                                                                                                                                                                                                         000004
