02RETORNO01COBRANCA       00000000000004155748NETWIS SERVICOS DE INFORMATICA237BRADESCO       1502130160000001112                                                                                                                                                                                                                                                                          180213         000001
10207986733000196000000900316012868110000000000000000000000298000000000212090353160000000000000000000000000906150213212090353100000000021209035316080113000000000699034108162  000000000000000000000000000000000000000000000000000000000000000000000000000000000000000794500000000009550000000000000   180213             00000000000000                                                                  000002
10207986733000196000000900316012868110000000000000000000000344000000000212090383820000000000000000000000000906150213212090383800000000021209038382080213000000001899003301571  000000000000000000000000000000000000000000000000000000000000000000000000000000000000001981300000000008230000000000000   180213             00000000000000                                                                  000003
102079867330001960000009003160128681100000000000000000000001170000000002120903896P000000000000000000000000090615021321209038960000000002120903896P200213000000001199003304429  000000000000000000000000000000000000000000000000000000000000000000000000000000000000001199000000000000000000000000000   180213             00000000000000                                                                  000004
10207986733000196000000900316012868110000000000000000000000152000000000212090391680000000000000000000000000906150213212090391600000000021209039168200213000000000999023703424  000000000000000000000000000000000000000000000000000000000000000000000000000000000000000999000000000000000000000000000   180213             00000000000000                                                                  000005
10207986733000196000000900316012868110000000000000000000000336000000000212090397290000000000000000000000000906150213212090397200000000021209039729200213000000000699034100041  000000000000000000000000000000000000000000000000000000000000000000000000000000000000000699000000000000000000000000000   180213             00000000000000                                                                  000006
10207986733000196000000900316012868110000000000000000000000359000000000212090398260000000000000000000000000906150213212090398200000000021209039826200213000000001199003303899  000000000000000000000000000000000000000000000000000000000000000000000000000000000000001199000000000000000000000000000   180213             00000000000000                                                                  000007
9201237          000002710000000930134500001112          00000000000000000000000068718000060000000669400000000000000000000000000000000000000000000000000000000000000000000000000000000000000                                                                                                                                                                              00000000000000000000000         000008