A127168               PROSERVER TELECOMUNI001BANCO DO BRASIL S.A.2012062600002804DEBITO AUTOMATICO                                                    
E00100000000001000000000011377000000000202062012072600000000000250003000066666666667                                            X                    0
Z00000300000000000002500                                                                                                                              
