01REMESSA01COBRANCA       00000000000000000000PROSERVER TELECOMUNICACOES LTD237BRADESCO       180612        MX0000008                                                                                                                                                                                                                                                                                     000001
100000 00000000000000009011111054415300000000000000000000001000002020000000000009700000000002            0  01000000000909071200000001307790000000000N050612000000000000004350000000000000000000000000000000000000000000000100000347496083ALEXANDRE RICARDO KREWER                RUA OSVALDO CRUZ, 389 - CENTROALECRIM-RS            98950000COBRAR MULTA DE $VALORMULTA APOS O VENCIMENTO               000002
100000 00000000000000009011111054415300000000000000000000002560002020000000000010000000000002            0  01000000001014071200000000050000000000000N140612000000000000000170000000000000000000000000000000000000000000000207356749000115CRISMA                                  RUA REINLDO JACOBS, 800 - CENTROSAO PEDR            97920000COBRAR MULTA DE $VALORMULTA APOS O VENCIMENTO               000003
100000 00000000000000009011111054415300000000000000000000002560002020000000000011900000000002            0  01000000001114081200000000050000000000000N140612000000000000000170000000000000000000000000000000000000000000000207356749000115CRISMA                                  RUA REINLDO JACOBS, 800 - CENTROSAO PEDR            97920000COBRAR MULTA DE $VALORMULTA APOS O VENCIMENTO               000004
100000 00000000000000009011111054415300000000000000000000002560002020000000000012700000000002            0  01000000001214091200000000050000000000000N140612000000000000000170000000000000000000000000000000000000000000000207356749000115CRISMA                                  RUA REINLDO JACOBS, 800 - CENTROSAO PEDR            97920000COBRAR MULTA DE $VALORMULTA APOS O VENCIMENTO               000005
100000 00000000000000009011111054415300000000000000000000002560002020000000000013500000000002            0  01000000001314101200000000050000000000000N140612000000000000000170000000000000000000000000000000000000000000000207356749000115CRISMA                                  RUA REINLDO JACOBS, 800 - CENTROSAO PEDR            97920000COBRAR MULTA DE $VALORMULTA APOS O VENCIMENTO               000006
100000 00000000000000009011111054415300000000000000000000002560002020000000000014300000000002            0  01000000001414111200000000050000000000000N140612000000000000000170000000000000000000000000000000000000000000000207356749000115CRISMA                                  RUA REINLDO JACOBS, 800 - CENTROSAO PEDR            97920000COBRAR MULTA DE $VALORMULTA APOS O VENCIMENTO               000007
100000 00000000000000009011111054415300000000000000000000002560002020000000000015100000000002            0  01000000001514121200000000050000000000000N140612000000000000000170000000000000000000000000000000000000000000000207356749000115CRISMA                                  RUA REINLDO JACOBS, 800 - CENTROSAO PEDR            97920000COBRAR MULTA DE $VALORMULTA APOS O VENCIMENTO               000008
100000 00000000000000009011111054415300000000000000000000002560002020000000000016P00000000002            0  01000000001614011300000000050000000000000N140612000000000000000170000000000000000000000000000000000000000000000207356749000115CRISMA                                  RUA REINLDO JACOBS, 800 - CENTROSAO PEDR            97920000COBRAR MULTA DE $VALORMULTA APOS O VENCIMENTO               000009
100000 00000000000000009011111054415300000000000000000000002560002020000000000017800000000002            0  01000000001714021300000000050000000000000N140612000000000000000170000000000000000000000000000000000000000000000207356749000115CRISMA                                  RUA REINLDO JACOBS, 800 - CENTROSAO PEDR            97920000COBRAR MULTA DE $VALORMULTA APOS O VENCIMENTO               000010
100000 00000000000000009011111054415300000000000000000000002560002020000000000018600000000002            0  01000000001814031300000000050000000000000N140612000000000000000170000000000000000000000000000000000000000000000207356749000115CRISMA                                  RUA REINLDO JACOBS, 800 - CENTROSAO PEDR            97920000COBRAR MULTA DE $VALORMULTA APOS O VENCIMENTO               000011
100000 00000000000000009011111054415300000000000000000000002560002020000000000019400000000002            0  01000000001914041300000000050000000000000N140612000000000000000170000000000000000000000000000000000000000000000207356749000115CRISMA                                  RUA REINLDO JACOBS, 800 - CENTROSAO PEDR            97920000COBRAR MULTA DE $VALORMULTA APOS O VENCIMENTO               000012
100000 00000000000000009011111054415300000000000000000000002560002020000000000020800000000002            0  01000000002014051300000000050000000000000N140612000000000000000170000000000000000000000000000000000000000000000207356749000115CRISMA                                  RUA REINLDO JACOBS, 800 - CENTROSAO PEDR            97920000COBRAR MULTA DE $VALORMULTA APOS O VENCIMENTO               000013
100000 00000000000000009011111054415300000000000000000000002560002020000000000021600000000002            0  01000000002114061300000000050000000000000N140612000000000000000170000000000000000000000000000000000000000000000207356749000115CRISMA                                  RUA REINLDO JACOBS, 800 - CENTROSAO PEDR            97920000COBRAR MULTA DE $VALORMULTA APOS O VENCIMENTO               000014
100000 00000000000000009011111054415300000000000000000000002560002020000000000022400000000002            0  01000000002214071300000000050000000000000N140612000000000000000170000000000000000000000000000000000000000000000207356749000115CRISMA                                  RUA REINLDO JACOBS, 800 - CENTROSAO PEDR            97920000COBRAR MULTA DE $VALORMULTA APOS O VENCIMENTO               000015
100000 00000000000000009011111054415300000000000000000000002560002020000000000023200000000002            0  01000000002314081300000000050000000000000N140612000000000000000170000000000000000000000000000000000000000000000207356749000115CRISMA                                  RUA REINLDO JACOBS, 800 - CENTROSAO PEDR            97920000COBRAR MULTA DE $VALORMULTA APOS O VENCIMENTO               000016
100000 00000000000000009011111054415300000000000000000000002560002020000000000024000000000002            0  01000000002414091300000000050000000000000N140612000000000000000170000000000000000000000000000000000000000000000207356749000115CRISMA                                  RUA REINLDO JACOBS, 800 - CENTROSAO PEDR            97920000COBRAR MULTA DE $VALORMULTA APOS O VENCIMENTO               000017
100000 00000000000000009011111054415300000000000000000000002560002020000000000025900000000002            0  01000000002514101300000000050000000000000N140612000000000000000170000000000000000000000000000000000000000000000207356749000115CRISMA                                  RUA REINLDO JACOBS, 800 - CENTROSAO PEDR            97920000COBRAR MULTA DE $VALORMULTA APOS O VENCIMENTO               000018
100000 00000000000000009011111054415300000000000000000000002560002020000000000026700000000002            0  01000000002614111300000000050000000000000N140612000000000000000170000000000000000000000000000000000000000000000207356749000115CRISMA                                  RUA REINLDO JACOBS, 800 - CENTROSAO PEDR            97920000COBRAR MULTA DE $VALORMULTA APOS O VENCIMENTO               000019
100000 00000000000000009011111054415300000000000000000000002560002020000000000027500000000002            0  01000000002714121300000000050000000000000N140612000000000000000170000000000000000000000000000000000000000000000207356749000115CRISMA                                  RUA REINLDO JACOBS, 800 - CENTROSAO PEDR            97920000COBRAR MULTA DE $VALORMULTA APOS O VENCIMENTO               000020
100000 00000000000000009011111054415300000000000000000000002560002020000000000028300000000002            0  01000000002814011400000000050000000000000N140612000000000000000170000000000000000000000000000000000000000000000207356749000115CRISMA                                  RUA REINLDO JACOBS, 800 - CENTROSAO PEDR            97920000COBRAR MULTA DE $VALORMULTA APOS O VENCIMENTO               000021
100000 00000000000000009011111054415300000000000000000000002560002020000000000029100000000002            0  01000000002914021400000000050000000000000N140612000000000000000170000000000000000000000000000000000000000000000207356749000115CRISMA                                  RUA REINLDO JACOBS, 800 - CENTROSAO PEDR            97920000COBRAR MULTA DE $VALORMULTA APOS O VENCIMENTO               000022
100000 00000000000000009011111054415300000000000000000000000120002020000000000030500000000002            0  01000000003022061200000000065000000000000N140612000000000000000220000000000000000000000000000000000000000000000100002413988009LUIZE GUMISSON HEINECK                  BECO ALBINO BINTSFFELDT, 11 - CENTROSANT            98960000COBRAR MULTA DE $VALORMULTA APOS O VENCIMENTO               000023
100000 00000000000000009011111054415300000000000000000000000120002020000000000031300000000002            0  01000000003110081200000000040000000000000N140612000000000000000130000000000000000000000000000000000000000000000100002413988009LUIZE GUMISSON HEINECK                  BECO ALBINO BINTSFFELDT, 11 - CENTROSANT            98960000COBRAR MULTA DE $VALORMULTA APOS O VENCIMENTO               000024
100000 00000000000000009011111054415300000000000000000000000120002020000000000032100000000002            0  01000000003210091200000000040000000000000N140612000000000000000130000000000000000000000000000000000000000000000100002413988009LUIZE GUMISSON HEINECK                  BECO ALBINO BINTSFFELDT, 11 - CENTROSANT            98960000COBRAR MULTA DE $VALORMULTA APOS O VENCIMENTO               000025
100000 00000000000000009011111054415300000000000000000000000120002020000000000033P00000000002            0  01000000003310101200000000040000000000000N140612000000000000000130000000000000000000000000000000000000000000000100002413988009LUIZE GUMISSON HEINECK                  BECO ALBINO BINTSFFELDT, 11 - CENTROSANT            98960000COBRAR MULTA DE $VALORMULTA APOS O VENCIMENTO               000026
100000 00000000000000009011111054415300000000000000000000000120002020000000000034800000000002            0  01000000003410111200000000040000000000000N140612000000000000000130000000000000000000000000000000000000000000000100002413988009LUIZE GUMISSON HEINECK                  BECO ALBINO BINTSFFELDT, 11 - CENTROSANT            98960000COBRAR MULTA DE $VALORMULTA APOS O VENCIMENTO               000027
100000 00000000000000009011111054415300000000000000000000000120002020000000000035600000000002            0  01000000003510121200000000040000000000000N140612000000000000000130000000000000000000000000000000000000000000000100002413988009LUIZE GUMISSON HEINECK                  BECO ALBINO BINTSFFELDT, 11 - CENTROSANT            98960000COBRAR MULTA DE $VALORMULTA APOS O VENCIMENTO               000028
100000 00000000000000009011111054415300000000000000000000000120002020000000000036400000000002            0  01000000003610011300000000040000000000000N140612000000000000000130000000000000000000000000000000000000000000000100002413988009LUIZE GUMISSON HEINECK                  BECO ALBINO BINTSFFELDT, 11 - CENTROSANT            98960000COBRAR MULTA DE $VALORMULTA APOS O VENCIMENTO               000029
100000 00000000000000009011111054415300000000000000000000000120002020000000000037200000000002            0  01000000003710021300000000040000000000000N140612000000000000000130000000000000000000000000000000000000000000000100002413988009LUIZE GUMISSON HEINECK                  BECO ALBINO BINTSFFELDT, 11 - CENTROSANT            98960000COBRAR MULTA DE $VALORMULTA APOS O VENCIMENTO               000030
100000 00000000000000009011111054415300000000000000000000000120002020000000000038000000000002            0  01000000003810031300000000040000000000000N140612000000000000000130000000000000000000000000000000000000000000000100002413988009LUIZE GUMISSON HEINECK                  BECO ALBINO BINTSFFELDT, 11 - CENTROSANT            98960000COBRAR MULTA DE $VALORMULTA APOS O VENCIMENTO               000031
100000 00000000000000009011111054415300000000000000000000000120002020000000000039900000000002            0  01000000003910041300000000040000000000000N140612000000000000000130000000000000000000000000000000000000000000000100002413988009LUIZE GUMISSON HEINECK                  BECO ALBINO BINTSFFELDT, 11 - CENTROSANT            98960000COBRAR MULTA DE $VALORMULTA APOS O VENCIMENTO               000032
100000 00000000000000009011111054415300000000000000000000000120002020000000000040200000000002            0  01000000004010051300000000040000000000000N140612000000000000000130000000000000000000000000000000000000000000000100002413988009LUIZE GUMISSON HEINECK                  BECO ALBINO BINTSFFELDT, 11 - CENTROSANT            98960000COBRAR MULTA DE $VALORMULTA APOS O VENCIMENTO               000033
100000 00000000000000009011111054415300000000000000000000000120002020000000000041000000000002            0  01000000004110061300000000040000000000000N140612000000000000000130000000000000000000000000000000000000000000000100002413988009LUIZE GUMISSON HEINECK                  BECO ALBINO BINTSFFELDT, 11 - CENTROSANT            98960000COBRAR MULTA DE $VALORMULTA APOS O VENCIMENTO               000034
100000 00000000000000009011111054415300000000000000000000000120002020000000000042900000000002            0  01000000004210071300000000040000000000000N140612000000000000000130000000000000000000000000000000000000000000000100002413988009LUIZE GUMISSON HEINECK                  BECO ALBINO BINTSFFELDT, 11 - CENTROSANT            98960000COBRAR MULTA DE $VALORMULTA APOS O VENCIMENTO               000035
100000 00000000000000009011111054415300000000000000000000000120002020000000000043700000000002            0  01000000004310081300000000040000000000000N140612000000000000000130000000000000000000000000000000000000000000000100002413988009LUIZE GUMISSON HEINECK                  BECO ALBINO BINTSFFELDT, 11 - CENTROSANT            98960000COBRAR MULTA DE $VALORMULTA APOS O VENCIMENTO               000036
100000 00000000000000009011111054415300000000000000000000000120002020000000000044500000000002            0  01000000004410091300000000040000000000000N140612000000000000000130000000000000000000000000000000000000000000000100002413988009LUIZE GUMISSON HEINECK                  BECO ALBINO BINTSFFELDT, 11 - CENTROSANT            98960000COBRAR MULTA DE $VALORMULTA APOS O VENCIMENTO               000037
100000 00000000000000009011111054415300000000000000000000000120002020000000000045300000000002            0  01000000004510101300000000040000000000000N140612000000000000000130000000000000000000000000000000000000000000000100002413988009LUIZE GUMISSON HEINECK                  BECO ALBINO BINTSFFELDT, 11 - CENTROSANT            98960000COBRAR MULTA DE $VALORMULTA APOS O VENCIMENTO               000038
100000 00000000000000009011111054415300000000000000000000000120002020000000000046100000000002            0  01000000004610111300000000040000000000000N140612000000000000000130000000000000000000000000000000000000000000000100002413988009LUIZE GUMISSON HEINECK                  BECO ALBINO BINTSFFELDT, 11 - CENTROSANT            98960000COBRAR MULTA DE $VALORMULTA APOS O VENCIMENTO               000039
100000 00000000000000009011111054415300000000000000000000000120002020000000000047P00000000002            0  01000000004710121300000000040000000000000N140612000000000000000130000000000000000000000000000000000000000000000100002413988009LUIZE GUMISSON HEINECK                  BECO ALBINO BINTSFFELDT, 11 - CENTROSANT            98960000COBRAR MULTA DE $VALORMULTA APOS O VENCIMENTO               000040
100000 00000000000000009011111054415300000000000000000000000120002020000000000048800000000002            0  01000000004810011400000000040000000000000N140612000000000000000130000000000000000000000000000000000000000000000100002413988009LUIZE GUMISSON HEINECK                  BECO ALBINO BINTSFFELDT, 11 - CENTROSANT            98960000COBRAR MULTA DE $VALORMULTA APOS O VENCIMENTO               000041
100000 00000000000000009011111054415300000000000000000000000120002020000000000049600000000002            0  01000000004910021400000000040000000000000N140612000000000000000130000000000000000000000000000000000000000000000100002413988009LUIZE GUMISSON HEINECK                  BECO ALBINO BINTSFFELDT, 11 - CENTROSANT            98960000COBRAR MULTA DE $VALORMULTA APOS O VENCIMENTO               000042
100000 00000000000000009011111054415300000000000000000000000120002020000000000050P00000000002            0  01000000005010031400000000040000000000000N140612000000000000000130000000000000000000000000000000000000000000000100002413988009LUIZE GUMISSON HEINECK                  BECO ALBINO BINTSFFELDT, 11 - CENTROSANT            98960000COBRAR MULTA DE $VALORMULTA APOS O VENCIMENTO               000043
100000 00000000000000009011111054415300000000000000000000000120002020000000000051800000000002            0  01000000005110041400000000040000000000000N140612000000000000000130000000000000000000000000000000000000000000000100002413988009LUIZE GUMISSON HEINECK                  BECO ALBINO BINTSFFELDT, 11 - CENTROSANT            98960000COBRAR MULTA DE $VALORMULTA APOS O VENCIMENTO               000044
100000 00000000000000009011111054415300000000000000000000000120002020000000000052600000000002            0  01000000005210051400000000040000000000000N140612000000000000000130000000000000000000000000000000000000000000000100002413988009LUIZE GUMISSON HEINECK                  BECO ALBINO BINTSFFELDT, 11 - CENTROSANT            98960000COBRAR MULTA DE $VALORMULTA APOS O VENCIMENTO               000045
100000 00000000000000009011111054415300000000000000000000000120002020000000000053400000000002            0  01000000005310061400000000040000000000000N140612000000000000000130000000000000000000000000000000000000000000000100002413988009LUIZE GUMISSON HEINECK                  BECO ALBINO BINTSFFELDT, 11 - CENTROSANT            98960000COBRAR MULTA DE $VALORMULTA APOS O VENCIMENTO               000046
100000 00000000000000009011111054415300000000000000000000000120002020000000000054200000000002            0  01000000005410071400000000040000000000000N140612000000000000000130000000000000000000000000000000000000000000000100002413988009LUIZE GUMISSON HEINECK                  BECO ALBINO BINTSFFELDT, 11 - CENTROSANT            98960000COBRAR MULTA DE $VALORMULTA APOS O VENCIMENTO               000047
100000 00000000000000009011111054415300000000000000000000000990002020000000000055000000000002            0  01000000005512071200000000050000000000000N140612000000000000000170000000000000000000000000000000000000000000000100002566074003ALFREDO ALBERTO KALL                    RUA SANTA CRUZ, 333 - CENTROALECRIM-RS              98950000COBRAR MULTA DE $VALORMULTA APOS O VENCIMENTO               000048
100000 00000000000000009011111054415300000000000000000000000990002020000000000056900000000002            0  01000000005612081200000000050000000000000N140612000000000000000170000000000000000000000000000000000000000000000100002566074003ALFREDO ALBERTO KALL                    RUA SANTA CRUZ, 333 - CENTROALECRIM-RS              98950000COBRAR MULTA DE $VALORMULTA APOS O VENCIMENTO               000049
100000 00000000000000009011111054415300000000000000000000000990002020000000000057700000000002            0  01000000005712091200000000050000000000000N140612000000000000000170000000000000000000000000000000000000000000000100002566074003ALFREDO ALBERTO KALL                    RUA SANTA CRUZ, 333 - CENTROALECRIM-RS              98950000COBRAR MULTA DE $VALORMULTA APOS O VENCIMENTO               000050
100000 00000000000000009011111054415300000000000000000000000990002020000000000058500000000002            0  01000000005812101200000000050000000000000N140612000000000000000170000000000000000000000000000000000000000000000100002566074003ALFREDO ALBERTO KALL                    RUA SANTA CRUZ, 333 - CENTROALECRIM-RS              98950000COBRAR MULTA DE $VALORMULTA APOS O VENCIMENTO               000051
100000 00000000000000009011111054415300000000000000000000000990002020000000000059300000000002            0  01000000005912111200000000050000000000000N140612000000000000000170000000000000000000000000000000000000000000000100002566074003ALFREDO ALBERTO KALL                    RUA SANTA CRUZ, 333 - CENTROALECRIM-RS              98950000COBRAR MULTA DE $VALORMULTA APOS O VENCIMENTO               000052
100000 00000000000000009011111054415300000000000000000000000990002020000000000060700000000002            0  01000000006012121200000000050000000000000N140612000000000000000170000000000000000000000000000000000000000000000100002566074003ALFREDO ALBERTO KALL                    RUA SANTA CRUZ, 333 - CENTROALECRIM-RS              98950000COBRAR MULTA DE $VALORMULTA APOS O VENCIMENTO               000053
100000 00000000000000009011111054415300000000000000000000000990002020000000000061500000000002            0  01000000006112011300000000050000000000000N140612000000000000000170000000000000000000000000000000000000000000000100002566074003ALFREDO ALBERTO KALL                    RUA SANTA CRUZ, 333 - CENTROALECRIM-RS              98950000COBRAR MULTA DE $VALORMULTA APOS O VENCIMENTO               000054
100000 00000000000000009011111054415300000000000000000000000990002020000000000062300000000002            0  01000000006212021300000000050000000000000N140612000000000000000170000000000000000000000000000000000000000000000100002566074003ALFREDO ALBERTO KALL                    RUA SANTA CRUZ, 333 - CENTROALECRIM-RS              98950000COBRAR MULTA DE $VALORMULTA APOS O VENCIMENTO               000055
100000 00000000000000009011111054415300000000000000000000000990002020000000000063100000000002            0  01000000006312031300000000050000000000000N140612000000000000000170000000000000000000000000000000000000000000000100002566074003ALFREDO ALBERTO KALL                    RUA SANTA CRUZ, 333 - CENTROALECRIM-RS              98950000COBRAR MULTA DE $VALORMULTA APOS O VENCIMENTO               000056
100000 00000000000000009011111054415300000000000000000000000990002020000000000064P00000000002            0  01000000006412041300000000050000000000000N140612000000000000000170000000000000000000000000000000000000000000000100002566074003ALFREDO ALBERTO KALL                    RUA SANTA CRUZ, 333 - CENTROALECRIM-RS              98950000COBRAR MULTA DE $VALORMULTA APOS O VENCIMENTO               000057
100000 00000000000000009011111054415300000000000000000000000990002020000000000065800000000002            0  01000000006512051300000000050000000000000N140612000000000000000170000000000000000000000000000000000000000000000100002566074003ALFREDO ALBERTO KALL                    RUA SANTA CRUZ, 333 - CENTROALECRIM-RS              98950000COBRAR MULTA DE $VALORMULTA APOS O VENCIMENTO               000058
100000 00000000000000009011111054415300000000000000000000000990002020000000000066600000000002            0  01000000006612061300000000050000000000000N140612000000000000000170000000000000000000000000000000000000000000000100002566074003ALFREDO ALBERTO KALL                    RUA SANTA CRUZ, 333 - CENTROALECRIM-RS              98950000COBRAR MULTA DE $VALORMULTA APOS O VENCIMENTO               000059
100000 00000000000000009011111054415300000000000000000000059310002020000000000069000000000002            0  01000000006905081200000000044900000000000N160612000000000000000150000000000000000000000000000000000000000000000100002197484117EU, EU MESMO E IRENE                    AVENIDA GOIAS,  - SETOR CENTRALGURUPI-TO            77410010COBRAR MULTA DE $VALORMULTA APOS O VENCIMENTO               000060
100000 00000000000000009011111054415300000000000000000000059310002020000000000071200000000002            0  01000000007105101200000000044900000000000N160612000000000000000150000000000000000000000000000000000000000000000100002197484117EU, EU MESMO E IRENE                    AVENIDA GOIAS,  - SETOR CENTRALGURUPI-TO            77410010COBRAR MULTA DE $VALORMULTA APOS O VENCIMENTO               000061
100000 00000000000000009011111054415300000000000000000000059310002020000000000072000000000002            0  01000000007205111200000000044900000000000N160612000000000000000150000000000000000000000000000000000000000000000100002197484117EU, EU MESMO E IRENE                    AVENIDA GOIAS,  - SETOR CENTRALGURUPI-TO            77410010COBRAR MULTA DE $VALORMULTA APOS O VENCIMENTO               000062
100000 00000000000000009011111054415300000000000000000000059310002020000000000073900000000002            0  01000000007305121200000000044900000000000N160612000000000000000150000000000000000000000000000000000000000000000100002197484117EU, EU MESMO E IRENE                    AVENIDA GOIAS,  - SETOR CENTRALGURUPI-TO            77410010COBRAR MULTA DE $VALORMULTA APOS O VENCIMENTO               000063
100000 00000000000000009011111054415300000000000000000000059310002020000000000074700000000002            0  01000000007405011300000000044900000000000N160612000000000000000150000000000000000000000000000000000000000000000100002197484117EU, EU MESMO E IRENE                    AVENIDA GOIAS,  - SETOR CENTRALGURUPI-TO            77410010COBRAR MULTA DE $VALORMULTA APOS O VENCIMENTO               000064
100000 00000000000000009011111054415300000000000000000000059310002020000000000075500000000002            0  01000000007505021300000000044900000000000N160612000000000000000150000000000000000000000000000000000000000000000100002197484117EU, EU MESMO E IRENE                    AVENIDA GOIAS,  - SETOR CENTRALGURUPI-TO            77410010COBRAR MULTA DE $VALORMULTA APOS O VENCIMENTO               000065
100000 00000000000000009011111054415300000000000000000000059310002020000000000076300000000002            0  01000000007605031300000000044900000000000N160612000000000000000150000000000000000000000000000000000000000000000100002197484117EU, EU MESMO E IRENE                    AVENIDA GOIAS,  - SETOR CENTRALGURUPI-TO            77410010COBRAR MULTA DE $VALORMULTA APOS O VENCIMENTO               000066
100000 00000000000000009011111054415300000000000000000000059310002020000000000077100000000002            0  01000000007705041300000000044900000000000N160612000000000000000150000000000000000000000000000000000000000000000100002197484117EU, EU MESMO E IRENE                    AVENIDA GOIAS,  - SETOR CENTRALGURUPI-TO            77410010COBRAR MULTA DE $VALORMULTA APOS O VENCIMENTO               000067
100000 00000000000000009011111054415300000000000000000000059310002020000000000078P00000000002            0  01000000007805051300000000044900000000000N160612000000000000000150000000000000000000000000000000000000000000000100002197484117EU, EU MESMO E IRENE                    AVENIDA GOIAS,  - SETOR CENTRALGURUPI-TO            77410010COBRAR MULTA DE $VALORMULTA APOS O VENCIMENTO               000068
100000 00000000000000009011111054415300000000000000000000059310002020000000000079800000000002            0  01000000007905061300000000044900000000000N160612000000000000000150000000000000000000000000000000000000000000000100002197484117EU, EU MESMO E IRENE                    AVENIDA GOIAS,  - SETOR CENTRALGURUPI-TO            77410010COBRAR MULTA DE $VALORMULTA APOS O VENCIMENTO               000069
9                                                                                                                                                                                                                                                                                                                                                                                                         000070
