A127168               CNTSISTEMAS LTDA ME 001BANCO DO BRASIL S.A.2013022100000804DEBITO AUTOMATICO                                                    
E00100000000001000000000021244000044124451122013040700000000000500003000000000000048                                            X                    0
E00100000000001000000000021244000044124451122013031800000000000050003000000000000053                                            X                    0
E00100000000001000000000021244000044124451122013041800000000000050003000000000000054                                            X                    0
E00100000000001000000000021244000044124451122013051800000000000050003000000000000055                                            X                    0
E00100000000001000000000021244000044124451122013031800000000000050003000000000000056                                            X                    0
E00100000000001000000000021244000044124451122013041800000000000050003000000000000057                                            X                    0
E00100000000001000000000021244000044124451122013051800000000000050003000000000000058                                            X                    0
E00100000000001000000000011377000000000202062013031900000000000500003000000000000060                                            X                    0
E00100000000001000000000011377000000000202062013041900000000000500003000000000000061                                            X                    0
E00100000000001000000000011377000000000202062013031900000000000500003000000000000063                                            X                    0
E00100000000001000000000011377000000000202062013041900000000000500003000000000000064                                            X                    0
E00100000000001000000000021244000044124451122013031800000000000500003000000000000066                                            X                    0
E00100000000001000000000021244000044124451122013041800000000000500003000000000000067                                            X                    0
E00100000000001000000000021244000044124451122013031800000000000500003000000000000068                                            X                    0
E00100000000001000000000021244000044124451122013041800000000000500003000000000000069                                            X                    0
E00100000000001000000000021244000044124451122013051800000000000500003000000000000070                                            X                    0
E00100000000001000000000021244000044124451122013031800000000000500003000000000000071                                            X                    0
E00100000000001000000000021244000044124451122013041800000000000500003000000000000072                                            X                    0
E00100000000001000000000021244000044124451122013051800000000000500003000000000000073                                            X                    0
E00100000006284000000000032222000000000050502013031800000000001001003000000000000074                                            X                    0
E00100000006284000000000032222000000000050502013041800000000001001003000000000000075                                            X                    0
E00100000000001000000000021244000044124451122013031800000000000750003000000000000076                                            X                    0
E00100000000001000000000021244000044124451122013041800000000000750003000000000000077                                            X                    0
E00100000006284000000000032222000000000050502013022800000000000500003000000000000079                                            X                    0
Z00002600000000000108020                                                                                                                              
