01REMESSA01COBRANCA       00000000000000000000PROSERVER TELECOMUNICACOES LTD237BRADESCO       260612        MX0000009                                                                                                                                                                                                                                                                                     000001
100000 00000000000000009011111054415300000000000000000000001000002020000000000009700000000002            0  02000000000909071200000001307790000000000N050612000000000000004350000000000000000000000000000000000000000000000100000347496083ALEXANDRE RICARDO KREWER                RUA OSVALDO CRUZ, 389 - CENTROALECRIM-RS            98950000COBRAR MULTA DE $VALORMULTA APOS O VENCIMENTO               000002
100000 00000000000000009011111054415300000000000000000000000990002020000000000055000000000002            0  02000000005512071200000000050000000000000N140612000000000000000170000000000000000000000000000000000000000000000100002566074003ALFREDO ALBERTO KALL                    RUA SANTA CRUZ, 333 - CENTROALECRIM-RS              98950000COBRAR MULTA DE $VALORMULTA APOS O VENCIMENTO               000003
100000 00000000000000009011111054415300000000000000000000000990002020000000000056900000000002            0  02000000005612081200000000050000000000000N140612000000000000000170000000000000000000000000000000000000000000000100002566074003ALFREDO ALBERTO KALL                    RUA SANTA CRUZ, 333 - CENTROALECRIM-RS              98950000COBRAR MULTA DE $VALORMULTA APOS O VENCIMENTO               000004
100000 00000000000000009011111054415300000000000000000000000010002020000000000080100000000002            0  01000000008020071200000001000010000000000N200612000000000000003330000000000000000000000000000000000000000000000208411698000140PROSERVER TELECOMUNICACOES LTDA         RUA TENENTE JUNG, 534 - SALA 02 - CENTRO            98960000COBRAR MULTA DE $VALORMULTA APOS O VENCIMENTO               000005
100000 00000000000000009011111054415300000000000000000000000010002020000000000081P00000000002            0  01000000008120081200000001000010000000000N200612000000000000003330000000000000000000000000000000000000000000000208411698000140PROSERVER TELECOMUNICACOES LTDA         RUA TENENTE JUNG, 534 - SALA 02 - CENTRO            98960000COBRAR MULTA DE $VALORMULTA APOS O VENCIMENTO               000006
100000 00000000000000009011111054415300000000000000000000000010002020000000000082800000000002            0  01000000008220091200000001000010000000000N200612000000000000003330000000000000000000000000000000000000000000000208411698000140PROSERVER TELECOMUNICACOES LTDA         RUA TENENTE JUNG, 534 - SALA 02 - CENTRO            98960000COBRAR MULTA DE $VALORMULTA APOS O VENCIMENTO               000007
100000 00000000000000009011111054415300000000000000000000000010002020000000000084400000000002            0  01000000008420071200000099999990000000000N200612000000000000333000000000000000000000000000000000000000000000000208411698000140PROSERVER TELECOMUNICACOES LTDA         RUA TENENTE JUNG, 534 - SALA 02 - CENTRO            98960000COBRAR MULTA DE $VALORMULTA APOS O VENCIMENTO               000008
100000 00000000000000009011111054415300000000000000000000000010002020000000000086000000000002            0  01000000008621081200000000125000000000000N210612000000000000000420000000000000000000000000000000000000000000000208411698000140PROSERVER TELECOMUNICACOES LTDA         RUA TENENTE JUNG, 534 - SALA 02 - CENTRO            98960000COBRAR MULTA DE $VALORMULTA APOS O VENCIMENTO               000009
100000 00000000000000009011111054415300000000000000000000003600002020000000000087900000000002            0  01000000008721071200000000050000000000000N210612000000000000000170000000000000000000000000000000000000000000000100030927579049DANIEL TEIKOWSKI                        RINCAO SANTA BARBARA, S/N - INTERIORSAO             98865000COBRAR MULTA DE $VALORMULTA APOS O VENCIMENTO               000010
100000 00000000000000009011111054415300000000000000000000003600002020000000000088700000000002            0  01000000008821081200000000050000000000000N210612000000000000000170000000000000000000000000000000000000000000000100030927579049DANIEL TEIKOWSKI                        RINCAO SANTA BARBARA, S/N - INTERIORSAO             98865000COBRAR MULTA DE $VALORMULTA APOS O VENCIMENTO               000011
100000 00000000000000009011111054415300000000000000000000003600002020000000000089500000000002            0  01000000008921091200000000050000000000000N210612000000000000000170000000000000000000000000000000000000000000000100030927579049DANIEL TEIKOWSKI                        RINCAO SANTA BARBARA, S/N - INTERIORSAO             98865000COBRAR MULTA DE $VALORMULTA APOS O VENCIMENTO               000012
100000 00000000000000009011111054415300000000000000000000001520002020000000000090900000000002            0  01000000009021071200000000150000000000000N210612000000000000000500000000000000000000000000000000000000000000000100001667973088ALINE JUNG                              LINHA NATAL, S/N - INTERIORCANDIDO GODOI            98970000COBRAR MULTA DE $VALORMULTA APOS O VENCIMENTO               000013
100000 00000000000000009011111054415300000000000000000000001520002020000000000092500000000002            0  01000000009221081200000000075000000000000N210612000000000000000250000000000000000000000000000000000000000000000100001667973088ALINE JUNG                              LINHA NATAL, S/N - INTERIORCANDIDO GODOI            98970000COBRAR MULTA DE $VALORMULTA APOS O VENCIMENTO               000014
100000 00000000000000009011111054415300000000000000000000000030002020000000000093300000000002            0  02000000009322051200000000070000000000000N220612000000000000000230000000000000000000000000000000000000000000000100030893640000IVO HENRIQUE THIELE                     RUA MARECHAL DEODORO, 2170 - CENTROSANTO            98960000COBRAR MULTA DE $VALORMULTA APOS O VENCIMENTO               000015
100000 00000000000000009011111054415300000000000000000000000030002020000000000095P00000000002            0  01000000009522071200000000059900000000000N220612000000000000000200000000000000000000000000000000000000000000000100030893640000IVO HENRIQUE THIELE                     RUA MARECHAL DEODORO, 2170 - CENTROSANTO            98960000COBRAR MULTA DE $VALORMULTA APOS O VENCIMENTO               000016
100000 00000000000000009011111054415300000000000000000000000030002020000000000096800000000002            0  01000000009622081200000000059900000000000N220612000000000000000200000000000000000000000000000000000000000000000100030893640000IVO HENRIQUE THIELE                     RUA MARECHAL DEODORO, 2170 - CENTROSANTO            98960000COBRAR MULTA DE $VALORMULTA APOS O VENCIMENTO               000017
100000 00000000000000009011111054415300000000000000000000000030002020000000000097600000000002            0  01000000009722091200000000059900000000000N220612000000000000000200000000000000000000000000000000000000000000000100030893640000IVO HENRIQUE THIELE                     RUA MARECHAL DEODORO, 2170 - CENTROSANTO            98960000COBRAR MULTA DE $VALORMULTA APOS O VENCIMENTO               000018
100000 00000000000000009011111054415300000000000000000000000030002020000000000098400000000002            0  01000000009822101200000000059900000000000N220612000000000000000200000000000000000000000000000000000000000000000100030893640000IVO HENRIQUE THIELE                     RUA MARECHAL DEODORO, 2170 - CENTROSANTO            98960000COBRAR MULTA DE $VALORMULTA APOS O VENCIMENTO               000019
100000 00000000000000009011111054415300000000000000000000000030002020000000000099200000000002            0  01000000009922111200000000059900000000000N220612000000000000000200000000000000000000000000000000000000000000000100030893640000IVO HENRIQUE THIELE                     RUA MARECHAL DEODORO, 2170 - CENTROSANTO            98960000COBRAR MULTA DE $VALORMULTA APOS O VENCIMENTO               000020
100000 00000000000000009011111054415300000000000000000000000030002020000000000100P00000000002            0  01000000010022121200000000059900000000000N220612000000000000000200000000000000000000000000000000000000000000000100030893640000IVO HENRIQUE THIELE                     RUA MARECHAL DEODORO, 2170 - CENTROSANTO            98960000COBRAR MULTA DE $VALORMULTA APOS O VENCIMENTO               000021
100000 00000000000000009011111054415300000000000000000000000030002020000000000101800000000002            0  01000000010122011300000000059900000000000N220612000000000000000200000000000000000000000000000000000000000000000100030893640000IVO HENRIQUE THIELE                     RUA MARECHAL DEODORO, 2170 - CENTROSANTO            98960000COBRAR MULTA DE $VALORMULTA APOS O VENCIMENTO               000022
100000 00000000000000009011111054415300000000000000000000000030002020000000000102600000000002            0  01000000010222021300000000059900000000000N220612000000000000000200000000000000000000000000000000000000000000000100030893640000IVO HENRIQUE THIELE                     RUA MARECHAL DEODORO, 2170 - CENTROSANTO            98960000COBRAR MULTA DE $VALORMULTA APOS O VENCIMENTO               000023
100000 00000000000000009011111054415300000000000000000000000030002020000000000103400000000002            0  01000000010322031300000000059900000000000N220612000000000000000200000000000000000000000000000000000000000000000100030893640000IVO HENRIQUE THIELE                     RUA MARECHAL DEODORO, 2170 - CENTROSANTO            98960000COBRAR MULTA DE $VALORMULTA APOS O VENCIMENTO               000024
100000 00000000000000009011111054415300000000000000000000000030002020000000000104200000000002            0  01000000010422041300000000059900000000000N220612000000000000000200000000000000000000000000000000000000000000000100030893640000IVO HENRIQUE THIELE                     RUA MARECHAL DEODORO, 2170 - CENTROSANTO            98960000COBRAR MULTA DE $VALORMULTA APOS O VENCIMENTO               000025
100000 00000000000000009011111054415300000000000000000000000030002020000000000105000000000002            0  01000000010522051300000000059900000000000N220612000000000000000200000000000000000000000000000000000000000000000100030893640000IVO HENRIQUE THIELE                     RUA MARECHAL DEODORO, 2170 - CENTROSANTO            98960000COBRAR MULTA DE $VALORMULTA APOS O VENCIMENTO               000026
100000 00000000000000009011111054415300000000000000000000000010002020066666666667500000000002            0  01666666666726071200000000046000000000000N260612000000000000000150000000000000000000000000000000000000000000000208411698000140PROSERVER TELECOMUNICACOES LTDA         RUA TENENTE JUNG, 534 - SALA 02 - CENTRO            98960000COBRAR MULTA DE $VALORMULTA APOS O VENCIMENTO               000027
100000 00000000000000009011111054415300000000000000000000000010002020066666666668300000000002            0  01666666666826081200000000046000000000000N260612000000000000000150000000000000000000000000000000000000000000000208411698000140PROSERVER TELECOMUNICACOES LTDA         RUA TENENTE JUNG, 534 - SALA 02 - CENTRO            98960000COBRAR MULTA DE $VALORMULTA APOS O VENCIMENTO               000028
100000 00000000000000009011111054415300000000000000000000000010002020066666666669100000000002            0  01666666666926091200000000046000000000000N260612000000000000000150000000000000000000000000000000000000000000000208411698000140PROSERVER TELECOMUNICACOES LTDA         RUA TENENTE JUNG, 534 - SALA 02 - CENTRO            98960000COBRAR MULTA DE $VALORMULTA APOS O VENCIMENTO               000029
100000 00000000000000009011111054415300000000000000000000000010002020066666666670500000000002            0  01666666667026101200000000046000000000000N260612000000000000000150000000000000000000000000000000000000000000000208411698000140PROSERVER TELECOMUNICACOES LTDA         RUA TENENTE JUNG, 534 - SALA 02 - CENTRO            98960000COBRAR MULTA DE $VALORMULTA APOS O VENCIMENTO               000030
9                                                                                                                                                                                                                                                                                                                                                                                                         000031
