A1607                 PROSERVER TELECOMUNI748SICREDI             2012112700000505DEBITO AUTOMATICO                                                    
E00100000000047000000000050307101974        2013010100000000000050003000000000000040                                             2000090726537004    0
E0010000000003600000000025555555555555555   2012121600000000000500003000000000000048                                             2000001675564019    0
E0010000000003600000000025555555555555555   2013011600000000000500003000000000000049                                             2000001675564019    0
E0010000000003600000000025555555555555555   2013021600000000000500003000000000000050                                             2000001675564019    0
Z00000600000000000015500                                                                                                                              
