02RETORNO01COBRANCA CNR   005230000002781010  ASSIS E SOARES LTDA           399HSBC           13031201600BPI0003695603GURUPI                                                                                                                                                                                                                                                                              000001
19900000003695603005230000002781010  0000006081614749         0000006081614749    1303129                  106120312000000                        1003120000000003000237005909900000000000                                                      0000000000000000000000300000000000000000                            0695603            0000000000000 33                                                   000002
19900000003695603005230000002781010  0000006081618043         0000006081618043    1303129                  106120312000000                        1003120000000008000003000599900000000000                                                      0000000000000000000000800000000000000000                            0695603            0000000000000 33                                                   000003
19900000003695603005230000002781010  0000006081619848         0000006081619848    1303129                  106120312000000                        1003120000000018200001007949900000000000                                                      0000000000000000000001820000000000000000                            0695603            0000000000000 33                                                   000004
19900000003695603005230000002781010  0000006081621044         0000006081621044    1303129                  106120312000000                        1003120000000025000001003779900000000000                                                      0000000000000000000002500000000000000000                            0695603            0000000000000 33                                                   000005
19900000003695603005230000002781010  0000006081644943         0000006081644943    1303129                  106120312000000                        1003120000000009000001007949900000000000                                                      0000000000000000000000900000000000000000                            0695603            0000000000000 33                                                   000006
19900000003695603005230000002781010  0000006081645741         0000006081645741    1303129                  106120312000000                        1003120000000030000341014269900000000000                                                      0000000000000000000003000000000000000000                            0695603            0000000000000 33                                                   000007
19900000003695603005230000002781010  0000006081648147         0000006081648147    1303129                  106120312000000                        1003120000000088000001007949900000000000                                                      0000000000000000000008800000000000000000                            0695603            0000000000000 33                                                   000008
19900000003695603005230000002781010  0000006081654643         0000006081654643    1303129                  106120312000000                        1003120000000091500001007949900000000000                                                      0000000000000000000009150000000000000000                            0695603            0000000000000 33                                                   000009
19900000003695603005230000002781010  0000006081662743         0000006081662743    1303129                  106120312000000                        1003120000000013085001007949900000000000                                                      0000000000000000000001308500000000000000                            0695603            0000000000000 33                                                   000010
19900000003695603005230000002781010  0000006081668644         0000006081668644    1303129                  106120312000000                        1003120000000027585003000599900000000000                                                      0000000000000000000002758500000000000000                            0695603            0000000000000 33                                                   000011
19900000003695603005230000002781010  0000006081673246         0000006081673246    1303129                  106120312000000                        1503120000000002085001007949900000000000                                                      0000000000000000000000208500000000000000                            0695603            0000000000000 33                                                   000012
19900000003695603005230000002781010  0000006081674040         0000006081674040    1303129                  106120312000000                        1003120000000003075237005909900000000000                                                      0000000000000000000000307500000000000000                            0695603            0000000000000 33                                                   000013
19900000003695603005230000002781010  0000006081675946         0000006081675946    1303129                  106120312000000                        1003120000000004065237005909900000000000                                                      0000000000000000000000406500000000000000                            0695603            0000000000000 33                                                   000014
19900000003695603005230000002781010  0000006081676741         0000006081676741    1303129                  106120312000000                        1503120000000002575104007939900000000000                                                      0000000000000000000000257500000000000000                            0695603            0000000000000 33                                                   000015
19900000003695603005230000002781010  0000006081681349         0000006081681349    1303129                  106120312000000                        1003120000000001585399005239900000000000                                                      0000000000000000000000158500000000000000                            0695603            0000000000000 22                                                   000016
19900000003695603005230000002781010  0000006081685646         0000006081685646    1303129                  106120312000000                        1003120000000001585237005909900000000000                                                      0000000000000000000000158500000000000000                            0695603            0000000000000 33                                                   000017
19900000003695603005230000002781010  0000006081689944         0000006081689944    1303129                  106120312000000                        1503120000000002085001007949900000000000                                                      0000000000000000000000208500000000000000                            0695603            0000000000000 33                                                   000018
19900000003695603005230000002781010  0000006081709740         0000006081709740    1303129                  106120312000000                        1003120000000002085341008679900000000000                                                      0000000000000000000000208500000000000000                            0695603            0000000000000 33                                                   000019
19900000003695603005230000002781010  0000006081733047         0000006081733047    1303129                  106120312000000                        1003120000000001585104007939900000000000                                                      0000000000000000000000158500000000000000                            0695603            0000000000000 33                                                   000020
19900000003695603005230000002781010  0000006081741040         0000006081741040    1303129                  106120312000000                        1003120000000001585001007949900000000000                                                      0000000000000000000000158500000000000000                            0695603            0000000000000 33                                                   000021
19900000003695603005230000002781010  0000006081747048         0000006081747048    1303129                  106120312000000                        1003120000000001585001057449900000000000                                                      0000000000000000000000158500000000000000                            0695603            0000000000000 33                                                   000022
19900000003695603005230000002781010  0000006081752645         0000006081752645    1303129                  106120312000000                        1003120000000001585104007939900000000000                                                      0000000000000000000000158500000000000000                            0695603            0000000000000 33                                                   000023
19900000003695603005230000002781010  0000006081756943         0000006081756943    1303129                  106120312000000                        1503120000000001585341008679900000000000                                                      0000000000000000000000158500000000000000                            0695603            0000000000000 33                                                   000024
19900000003695603005230000002781010  0000006081772040         0000006081772040    1303129                  106120312000000                        1503120000000001585001007949900000000000                                                      0000000000000000000000158500000000000000                            0695603            0000000000000 33                                                   000025
19900000003695603005230000002781010  0000006081773942         0000006081773942    1303129                  106120312000000                        2803120000000001585001007949900000000000                                                      0000000000000000000000158500000000000000                            0695603            0000000000000 33                                                   000026
19900000003695603005230000002781010  0000006081780148         0000006081780148    1303129                  106120312000000                        1503120000000001585104007939900000000000                                                      0000000000000000000000158500000000000000                            0695603            0000000000000 33                                                   000027
19900000003695603005230000002781010  0000006081788744         0000006081788744    1303129                  106120312000000                        1503120000000002685237005909900000000000                                                      0000000000000000000000268500000000000000                            0695603            0000000000000 33                                                   000028
19900000003695603005230000002781010  0000006081791748         0000006081791748    1303129                  106120312000000                        1003120000000007585001007949900000000000                                                      0000000000000000000000758500000000000000                            0695603            0000000000000 33                                                   000029
19900000003695603005230000002781010  0000006081802642         0000006081802642    1303129                  106120312000000                        1003120000000001585001007949900000000000                                                      0000000000000000000000158500000000000000                            0695603            0000000000000 33                                                   000030
19900000003695603005230000002781010  0000006081805045         0000006081805045    1303129                  106120312000000                        1503120000000001585104007939900000000000                                                      0000000000000000000000158500000000000000                            0695603            0000000000000 33                                                   000031
19900000003695603005230000002781010  0000006081810748         0000006081810748    1303129                  106120312000000                        1503120000000003075104007939900000000000                                                      0000000000000000000000307500000000000000                            0695603            0000000000000 33                                                   000032
19900000003695603005230000002781010  0000006081819049         0000006081819049    1303129                  106120312000000                        1003120000000001585001007949900000000000                                                      0000000000000000000000158500000000000000                            0695603            0000000000000 33                                                   000033
19900000003695603005230000002781010  0000006081820444         0000006081820444    1303129                  106120312000000                        1003120000000001585104007939900000000000                                                      0000000000000000000000158500000000000000                            0695603            0000000000000 33                                                   000034
19900000003695603005230000002781010  0000006081840947         0000006081840947    1303129                  106120312000000                        1003120000000006075001007949900000000000                                                      0000000000000000000000607500000000000000                            0695603            0000000000000 33                                                   000035
19900000003695603005230000002781010  0000006081842547         0000006081842547    1303129                  106120312000000                        1003120000000001490001007949900000000000                                                      0000000000000000000000149000000000000000                            0695603            0000000000000 33                                                   000036
19900000003695603005230000002781010  0000006081855746         0000006081855746    1303129                  106120312000000                        1003120000000002075001007949900000000000                                                      0000000000000000000000207500000000000000                            0695603            0000000000000 33                                                   000037
19900000003695603005230000002781010  0000006081870042         0000006081870042    1303129                  106120312000000                        2003120000000001585104007939900000000000                                                      0000000000000000000000158500000000000000                            0695603            0000000000000 33                                                   000038
19900000003695603005230000002781010  0000006081878649         0000006081878649    1303129                  106120312000000                        1003120000000002075001007949900000000000                                                      0000000000000000000000207500000000000000                            0695603            0000000000000 33                                                   000039
19900000003695603005230000002781010  0000006081887540         0000006081887540    1303129                  106120312000000                        1003120000000001980237005909900000000000                                                      0000000000000000000000198000000000000000                            0695603            0000000000000 33                                                   000040
19900000003695603005230000002781010  0000006081890547         0000006081890547    1303129                  106120312000000                        1503120000000002075104007939900000000000                                                      0000000000000000000000207500000000000000                            0695603            0000000000000 33                                                   000041
19900000003695603005230000002781010  0000006081895640         0000006081895640    1303129                  106120312000000                        1003120000000002075104007939900000000000                                                      0000000000000000000000207500000000000000                            0695603            0000000000000 33                                                   000042
19900000003695603005230000002781010  0000006081906545         0000006081906545    1303129                  106120312000000                        1003120000000001980341008679900000000000                                                      0000000000000000000000198000000000000000                            0695603            0000000000000 33                                                   000043
19900000003695603005230000002781010  0000006081910346         0000006081910346    1303129                  106120312000000                        1003120000000001980341008679900000000000                                                      0000000000000000000000198000000000000000                            0695603            0000000000000 33                                                   000044
19900000003695603005230000002781010  0000006081912049         0000006081912049    1303129                  106120312000000                        1003120000000001490001057449900000000000                                                      0000000000000000000000149000000000000000                            0695603            0000000000000 33                                                   000045
19900000003695603005230000002781010  0000006081925140         0000006081925140    1303129                  106120312000000                        1003120000000006075237015549900000000000                                                      0000000000000000000000607500000000000000                            0695603            0000000000000 33                                                   000046
19900000003695603005230000002781010  0000006081939141         0000006081939141    1303129                  106120312000000                        1003120000000001585001013039900000000000                                                      0000000000000000000000158500000000000000                            0695603            0000000000000 33                                                   000047
19900000003695603005230000002781010  0000006081947245         0000006081947245    1303129                  106120312000000                        1203120000000002022001007949900000000000                                                      0000000000000000000000202200000000000000                            0695603            0000000000000 33                                                   000048
19900000003695603005230000002781010  0000006081960041         0000006081960041    1303129                  106120312000000                        1003120000000010095399015989900000000000                                                      0000000000000000000001009500000000000000                            0695603            0000000000000 22                                                   000049
9201399                                                                                                                                                                                                                                                                                                                                                                                                   000050
