03300000        2006134596000107442400005305543                         CONECTLAN SOLUCOES TECNOLOGICABANCO SANTANDER                         112052012      000001040                                                                          
03300011R01  030 2006134596000107                    442400005305543     CONECTLAN SOLUCOES TECNOLOGICA                                                                                0000000112052012                                         
0330001300001P 014424501300063320130006332  0000000000019111  1              1006201200000000000580600005 02N120520122100620120000000009990000000000000000000000000000000000000000000000000000000000000000000000000000000001105200000           
0330001300002Q 012002774358000105INSTITUTO DA CRIANCA COM DIABETES DO RIORUA ALVARES CABRAL, Nº529               CRISTO REDENTOR91350200PORTO ALEGRE   RS0000000000000000                                        000000000000                   
0330001300003R 01000000000000000000000000                        210062012000000000000200                                                                                                                                                       
0330001300004S 011014                                                                                                                                                                                                                           
0330001300005P 014424501300063320130006332  0000000000027111  2              1006201200000000000354800005 02N120520122100620120000000009990000000000000000000000000000000000000000000000000000000000000000000000000000000002105200000           
0330001300006Q 012089551832000100CONGREGACAO DAS IRMAS MISSIONARIAS DE SARUA CASTRO ALVES, Nº344                 RIO BRANCO     90430130PORTO ALEGRE   RS0000000000000000                                        000000000000                   
0330001300007R 01000000000000000000000000                        210062012000000000000200                                                                                                                                                       
0330001300008S 011014                                                                                                                                                                                                                           
0330001300009P 014424501300063320130006332  0000000000035111  3              1007201200000000000500000005 02N120520122100720120000000009990000000000000000000000000000000000000000000000000000000000000000000000000000000003105200000           
0330001300010Q 012089551832000100CONGREGACAO DAS IRMAS MISSIONARIAS DE SARUA CASTRO ALVES, Nº344                 RIO BRANCO     90430130PORTO ALEGRE   RS0000000000000000                                        000000000000                   
0330001300011R 01000000000000000000000000                        210072012000000000000200                                                                                                                                                       
0330001300012S 011014                                                                                                                                                                                                                           
0330001300013P 014424501300063320130006332  0000000000043111  4              1008201200000000000500000005 02N120520122100820120000000009990000000000000000000000000000000000000000000000000000000000000000000000000000000004105200000           
0330001300014Q 012089551832000100CONGREGACAO DAS IRMAS MISSIONARIAS DE SARUA CASTRO ALVES, Nº344                 RIO BRANCO     90430130PORTO ALEGRE   RS0000000000000000                                        000000000000                   
0330001300015R 01000000000000000000000000                        210082012000000000000200                                                                                                                                                       
0330001300016S 011014                                                                                                                                                                                                                           
0330001300017P 014424501300063320130006332  0000000000051111  5              1009201200000000000500000005 02N120520122100920120000000009990000000000000000000000000000000000000000000000000000000000000000000000000000000005105200000           
0330001300018Q 012089551832000100CONGREGACAO DAS IRMAS MISSIONARIAS DE SARUA CASTRO ALVES, Nº344                 RIO BRANCO     90430130PORTO ALEGRE   RS0000000000000000                                        000000000000                   
0330001300019R 01000000000000000000000000                        210092012000000000000200                                                                                                                                                       
0330001300020S 011014                                                                                                                                                                                                                           
0330001300021P 014424501300063320130006332  0000000000060111  6              1010201200000000000500000005 02N120520122101020120000000009990000000000000000000000000000000000000000000000000000000000000000000000000000000006105200000           
0330001300022Q 012089551832000100CONGREGACAO DAS IRMAS MISSIONARIAS DE SARUA CASTRO ALVES, Nº344                 RIO BRANCO     90430130PORTO ALEGRE   RS0000000000000000                                        000000000000                   
0330001300023R 01000000000000000000000000                        210102012000000000000200                                                                                                                                                       
0330001300024S 011014                                                                                                                                                                                                                           
0330001300025P 014424501300063320130006332  0000000000078111  7              1011201200000000000500000005 02N120520122101120120000000009990000000000000000000000000000000000000000000000000000000000000000000000000000000007105200000           
0330001300026Q 012089551832000100CONGREGACAO DAS IRMAS MISSIONARIAS DE SARUA CASTRO ALVES, Nº344                 RIO BRANCO     90430130PORTO ALEGRE   RS0000000000000000                                        000000000000                   
0330001300027R 01000000000000000000000000                        210112012000000000000200                                                                                                                                                       
0330001300028S 011014                                                                                                                                                                                                                           
0330001300029P 014424501300063320130006332  0000000000086111  8              1012201200000000000500000005 02N120520122101220120000000009990000000000000000000000000000000000000000000000000000000000000000000000000000000008105200000           
0330001300030Q 012089551832000100CONGREGACAO DAS IRMAS MISSIONARIAS DE SARUA CASTRO ALVES, Nº344                 RIO BRANCO     90430130PORTO ALEGRE   RS0000000000000000                                        000000000000                   
0330001300031R 01000000000000000000000000                        210122012000000000000200                                                                                                                                                       
0330001300032S 011014                                                                                                                                                                                                                           
0330001300033P 014424501300063320130006332  0000000000094111  9              1001201300000000000500000005 02N120520122100120130000000009990000000000000000000000000000000000000000000000000000000000000000000000000000000009105200000           
0330001300034Q 012089551832000100CONGREGACAO DAS IRMAS MISSIONARIAS DE SARUA CASTRO ALVES, Nº344                 RIO BRANCO     90430130PORTO ALEGRE   RS0000000000000000                                        000000000000                   
0330001300035R 01000000000000000000000000                        210012013000000000000200                                                                                                                                                       
0330001300036S 011014                                                                                                                                                                                                                           
0330001300037P 014424501300063320130006332  0000000000108111  10             1002201300000000000500000005 02N120520122100220130000000009990000000000000000000000000000000000000000000000000000000000000000000000000000000010105200000           
0330001300038Q 012089551832000100CONGREGACAO DAS IRMAS MISSIONARIAS DE SARUA CASTRO ALVES, Nº344                 RIO BRANCO     90430130PORTO ALEGRE   RS0000000000000000                                        000000000000                   
0330001300039R 01000000000000000000000000                        210022013000000000000200                                                                                                                                                       
0330001300040S 011014                                                                                                                                                                                                                           
0330001300041P 014424501300063320130006332  0000000000116111  11             1003201300000000000500000005 02N120520122100320130000000009990000000000000000000000000000000000000000000000000000000000000000000000000000000011105200000           
0330001300042Q 012089551832000100CONGREGACAO DAS IRMAS MISSIONARIAS DE SARUA CASTRO ALVES, Nº344                 RIO BRANCO     90430130PORTO ALEGRE   RS0000000000000000                                        000000000000                   
0330001300043R 01000000000000000000000000                        210032013000000000000200                                                                                                                                                       
0330001300044S 011014                                                                                                                                                                                                                           
0330001300045P 014424501300063320130006332  0000000000124111  12             1004201300000000000500000005 02N120520122100420130000000009990000000000000000000000000000000000000000000000000000000000000000000000000000000012105200000           
0330001300046Q 012089551832000100CONGREGACAO DAS IRMAS MISSIONARIAS DE SARUA CASTRO ALVES, Nº344                 RIO BRANCO     90430130PORTO ALEGRE   RS0000000000000000                                        000000000000                   
0330001300047R 01000000000000000000000000                        210042013000000000000200                                                                                                                                                       
0330001300048S 011014                                                                                                                                                                                                                           
0330001300049P 014424501300063320130006332  0000000000132111  13             1005201300000000000500000005 02N120520122100520130000000009990000000000000000000000000000000000000000000000000000000000000000000000000000000013105200000           
0330001300050Q 012089551832000100CONGREGACAO DAS IRMAS MISSIONARIAS DE SARUA CASTRO ALVES, Nº344                 RIO BRANCO     90430130PORTO ALEGRE   RS0000000000000000                                        000000000000                   
0330001300051R 01000000000000000000000000                        210052013000000000000200                                                                                                                                                       
0330001300052S 011014                                                                                                                                                                                                                           
0330001300053P 014424501300063320130006332  0000000000140111  14             1206201200000000003305200005 02N120520122120620120000000009990000000000000000000000000000000000000000000000000000000000000000000000000000000014105200000           
0330001300054Q 012063887756000114SOCIEDADE CIVIL INTEGRADA MADRE CELESTE ESTRADA DA PROVIDENCIA, Nº10, CONJ. CIDACOQUEIRO       67110000ANANINDEUA     PA0000000000000000                                        000000000000                   
0330001300055R 01000000000000000000000000                        212062012000000000000200                                                                                                                                                       
0330001300056S 011014                                                                                                                                                                                                                           
0330001300057P 014424501300063320130006332  0000000000159111  15             1206201200000000001190000005 02N120520122120620120000000009990000000000000000000000000000000000000000000000000000000000000000000000000000000015105200000           
0330001300058Q 012034034959000240FUNDACAO OCTACILIO GUALBERTO            RUA MACHADO FAGUNDES, Nº326             CASCATINHA     25716001PETROPOLIS     RJ0000000000000000                                        000000000000                   
0330001300059R 01000000000000000000000000                        212062012000000000000200                                                                                                                                                       
0330001300060S 011014                                                                                                                                                                                                                           
0330001300061P 014424501300063320130006332  0000000000167111  16             1006201200000000001113200005 02N120520122100620120000000009990000000000000000000000000000000000000000000000000000000000000000000000000000000016105200000           
0330001300062Q 012001763991000127SANTA CLARA CURSOS E TREINAMENTO LTDA   RUA JOSE DO PATROCINIO, Nº26            CENTRO         97010260SANTA MARIA    RS0000000000000000                                        000000000000                   
0330001300063R 01000000000000000000000000                        210062012000000000000200                                                                                                                                                       
0330001300064S 011014                                                                                                                                                                                                                           
0330001300065P 014424501300063320130006332  0000000000175111  17             1007201200000000001190000005 02N120520122100720120000000009990000000000000000000000000000000000000000000000000000000000000000000000000000000017105200000           
0330001300066Q 012001763991000127SANTA CLARA CURSOS E TREINAMENTO LTDA   RUA JOSE DO PATROCINIO, Nº26            CENTRO         97010260SANTA MARIA    RS0000000000000000                                        000000000000                   
0330001300067R 01000000000000000000000000                        210072012000000000000200                                                                                                                                                       
0330001300068S 011014                                                                                                                                                                                                                           
0330001300069P 014424501300063320130006332  0000000000183111  18             1008201200000000001190000005 02N120520122100820120000000009990000000000000000000000000000000000000000000000000000000000000000000000000000000018105200000           
0330001300070Q 012001763991000127SANTA CLARA CURSOS E TREINAMENTO LTDA   RUA JOSE DO PATROCINIO, Nº26            CENTRO         97010260SANTA MARIA    RS0000000000000000                                        000000000000                   
0330001300071R 01000000000000000000000000                        210082012000000000000200                                                                                                                                                       
0330001300072S 011014                                                                                                                                                                                                                           
0330001300073P 014424501300063320130006332  0000000000191111  19             1009201200000000001190000005 02N120520122100920120000000009990000000000000000000000000000000000000000000000000000000000000000000000000000000019105200000           
0330001300074Q 012001763991000127SANTA CLARA CURSOS E TREINAMENTO LTDA   RUA JOSE DO PATROCINIO, Nº26            CENTRO         97010260SANTA MARIA    RS0000000000000000                                        000000000000                   
0330001300075R 01000000000000000000000000                        210092012000000000000200                                                                                                                                                       
0330001300076S 011014                                                                                                                                                                                                                           
0330001300077P 014424501300063320130006332  0000000000205111  20             1010201200000000001190000005 02N120520122101020120000000009990000000000000000000000000000000000000000000000000000000000000000000000000000000020105200000           
0330001300078Q 012001763991000127SANTA CLARA CURSOS E TREINAMENTO LTDA   RUA JOSE DO PATROCINIO, Nº26            CENTRO         97010260SANTA MARIA    RS0000000000000000                                        000000000000                   
0330001300079R 01000000000000000000000000                        210102012000000000000200                                                                                                                                                       
0330001300080S 011014                                                                                                                                                                                                                           
0330001300081P 014424501300063320130006332  0000000000213111  21             1011201200000000001190000005 02N120520122101120120000000009990000000000000000000000000000000000000000000000000000000000000000000000000000000021105200000           
0330001300082Q 012001763991000127SANTA CLARA CURSOS E TREINAMENTO LTDA   RUA JOSE DO PATROCINIO, Nº26            CENTRO         97010260SANTA MARIA    RS0000000000000000                                        000000000000                   
0330001300083R 01000000000000000000000000                        210112012000000000000200                                                                                                                                                       
0330001300084S 011014                                                                                                                                                                                                                           
0330001300085P 014424501300063320130006332  0000000000221111  22             1012201200000000001190000005 02N120520122101220120000000009990000000000000000000000000000000000000000000000000000000000000000000000000000000022105200000           
0330001300086Q 012001763991000127SANTA CLARA CURSOS E TREINAMENTO LTDA   RUA JOSE DO PATROCINIO, Nº26            CENTRO         97010260SANTA MARIA    RS0000000000000000                                        000000000000                   
0330001300087R 01000000000000000000000000                        210122012000000000000200                                                                                                                                                       
0330001300088S 011014                                                                                                                                                                                                                           
0330001300089P 014424501300063320130006332  0000000000230111  23             1001201300000000001190000005 02N120520122100120130000000009990000000000000000000000000000000000000000000000000000000000000000000000000000000023105200000           
0330001300090Q 012001763991000127SANTA CLARA CURSOS E TREINAMENTO LTDA   RUA JOSE DO PATROCINIO, Nº26            CENTRO         97010260SANTA MARIA    RS0000000000000000                                        000000000000                   
0330001300091R 01000000000000000000000000                        210012013000000000000200                                                                                                                                                       
0330001300092S 011014                                                                                                                                                                                                                           
0330001300093P 014424501300063320130006332  0000000000248111  24             1002201300000000001190000005 02N120520122100220130000000009990000000000000000000000000000000000000000000000000000000000000000000000000000000024105200000           
0330001300094Q 012001763991000127SANTA CLARA CURSOS E TREINAMENTO LTDA   RUA JOSE DO PATROCINIO, Nº26            CENTRO         97010260SANTA MARIA    RS0000000000000000                                        000000000000                   
0330001300095R 01000000000000000000000000                        210022013000000000000200                                                                                                                                                       
0330001300096S 011014                                                                                                                                                                                                                           
0330001300097P 014424501300063320130006332  0000000000256111  25             1003201300000000001190000005 02N120520122100320130000000009990000000000000000000000000000000000000000000000000000000000000000000000000000000025105200000           
0330001300098Q 012001763991000127SANTA CLARA CURSOS E TREINAMENTO LTDA   RUA JOSE DO PATROCINIO, Nº26            CENTRO         97010260SANTA MARIA    RS0000000000000000                                        000000000000                   
0330001300099R 01000000000000000000000000                        210032013000000000000200                                                                                                                                                       
0330001300100S 011014                                                                                                                                                                                                                           
0330001300101P 014424501300063320130006332  0000000000264111  26             1004201300000000001190000005 02N120520122100420130000000009990000000000000000000000000000000000000000000000000000000000000000000000000000000026105200000           
0330001300102Q 012001763991000127SANTA CLARA CURSOS E TREINAMENTO LTDA   RUA JOSE DO PATROCINIO, Nº26            CENTRO         97010260SANTA MARIA    RS0000000000000000                                        000000000000                   
0330001300103R 01000000000000000000000000                        210042013000000000000200                                                                                                                                                       
0330001300104S 011014                                                                                                                                                                                                                           
0330001300105P 014424501300063320130006332  0000000000272111  27             1005201300000000001190000005 02N120520122100520130000000009990000000000000000000000000000000000000000000000000000000000000000000000000000000027105200000           
0330001300106Q 012001763991000127SANTA CLARA CURSOS E TREINAMENTO LTDA   RUA JOSE DO PATROCINIO, Nº26            CENTRO         97010260SANTA MARIA    RS0000000000000000                                        000000000000                   
0330001300107R 01000000000000000000000000                        210052013000000000000200                                                                                                                                                       
0330001300108S 011014                                                                                                                                                                                                                           
03300015         000110                                                                                                                                                                                                                         
03399999         000001000112                                                                                                                                                                                                                   
